4718 5604
1126 418 1344 509 ...12¹-

460 625 538 710 6611.
558 625 745 692 XXXXVH.
785 624 828 689 Ut
851 625 1121 690 assensiones
1146 631 1267 708 praeter
1282 627 1339 692 fati
1357 629 1577 694 nenessitatem
1594 631 1798 712 explicantem,
1816 629 1913 695 Stniei
1930 634 2176 715 praecipiebant,

303 753 521 800 pausarum
544 751 613 799 esse
636 731 795 814 duplicem
819 731 990 808 rationem,
1020 749 1089 798 esse
1112 750 1225 798 causas
1256 734 1521 816 prineipales
1552 753 1589 800 aa
1621 735 1834 818 perfeetas
1866 721 2085 820 (αάτοτελεῖς),
2109 759 2176 806 esse

303 841 553 906 adiuvantes
575 839 641 904 sive
664 837 873 920 proximas
896 829 1216 925 (πρανοταρκτικάς).
1267 838 1312 904 Cf.
1336 837 1400 904 Oie.
1424 841 1453 904 d.
1477 840 1533 905 iat.
1558 841 1610 917 18,
1635 843 1689 920 44,
1712 841 1825 908 Galen.
1849 847 1882 908 et
1905 841 1988 910 Sext.
2012 864 2061 928 ap.
2077 845 2175 910 Diels.

273 937 436 1029 'Duxogn
469 965 520 1030 pg.
551 947 624 1010 611.
684 941 796 1008 Vereor
827 947 934 1010 autem
966 950 1002 1010 ut
1031 945 1222 1010 Plutarchus
1253 945 1415 1028 scripserit
1445 947 1463 1030 ἕ
1495 949 1532 1012 5:
1563 937 1600 1011 τὸ
1631 943 1690 1028 μὲν
1720 940 2029 1034 aporeverentiam.
2054 1000 2061 1015 .
2087 1001 2095 1016 .
2119 939 2177 1016 σῦκ

301 1048 472 1132 ἐξικνεῖται
495 1041 709 1137 κρατοίμενον
731 1039 786 1114 ἀπ’
811 1038 917 1114 ἀλλων
939 1045 1290 1134 ἐξανισταμένων.
1337 1054 1437 1118 11111116
1460 1071 1533 1118 eum
1557 1052 1639 1118 inira
1662 1051 1830 1138 Chrysippi
1853 1057 1941 1122 loeus
1964 1057 2114 1124 afferatur
2138 1059 2176 1124 de

304 1149 1132 1245 116616ἀίοειιίίετταῖςμὲνκαεάμέροςφίσεσι
1161 1156 1214 1222 ναί
1240 1150 1398 1244 κινήσεσιν
1427 1151 1553 1224 ἐυστί
1559 1182 1670 1241 ματα
1700 1152 1809 1225 πολλὰ
1839 1156 1989 1245 γίνεσθαι
2020 1169 2052 1229 et
2083 1183 2176 1250 supra

302 1287 349 1352 ep.
365 1270 418 1332 34.
436 1265 456 1330 8
472 1285 507 1332 er
523 1265 631 1331 eodem
655 1263 828 1348 Chrysippo
851 1255 966 1328 διὰτὸ
990 1255 1062 1349 μήτ’
1085 1258 1213 1342 ἔξωθεν
1235 1255 1316 1330 εἶναι
1339 1256 1377 1330 τό
1400 1256 1725 1352 ἐνστησόμενον,
1756 1267 1834 1332 item
1858 1286 1894 1332 er
1918 1271 2027 1334 eodem
2051 1290 2099 1353 ep.
2122 1273 2175 1347 36,

308 1380 322 1444 1
349 1381 382 1442 et
406 1378 426 1442 2
449 1368 547 1452 ἐνίοις
570 1362 765 1460 ἀδικήμασιν
788 1369 1048 1439 ἐνίστασθαι
1072 1362 1128 1437 τὸν
1150 1362 1243 1450 θεόν,
1275 1371 1358 1438 haud
1381 1372 1446 1436 seio
1474 1390 1514 1438 an
1546 1371 1589 1436 sit
1619 1372 1834 1438 scribendum:
1866 1361 1936 1436 iac*¹
1953 1363 2060 1438 ἀλλων
2089 1371 2174 1442 ἑνι-

305 1476 536 1562 σταμένιιν,
562 1481 671 1546 uthis
694 1482 780 1546 iocus
804 1480 843 1545 ed
867 1497 920 1546 eos
943 1477 1087 1555 addatur,
1111 1495 1189 1560 quos
1212 1477 1420 1544 Bernardairis
1444 1496 1496 1560 pg.
1521 1477 1563 1542 46
1587 1476 1626 1542 de
1648 1477 1707 1542 hoe
1729 1478 1878 1544 vocabule
1901 1481 2039 1562 pellegit.

461 1587 498 1652 In
517 1589 668 1652 extremis
692 1587 794 1654 verbis
810 1585 920 1650 dubito
935 1585 1073 1668 primum
1089 1603 1131 1650 an
1147 1585 1190 1648 sit
1204 1585 1405 1650 scribendum
1428 1574 1511 1650 ὥστε
1533 1589 1566 1650 et
1588 1583 1799 1650 omittendum
1821 1573 1867 1650 οὗ
1890 1591 1965 1652 ante
1988 1582 2174 1675 παρίστησι,

303 1693 452 1778 queniam
475 1695 570 1758 antea
593 1693 714 1758 dietum
744 1697 810 1758 est:
842 1680 928 1756 αίδεν
950 1681 1000 1756 ὅτι
1025 1681 1109 1776 πρὸς
1130 1681 1168 1756 τδ
1191 1680 1345 1776 προίττιιν
1368 1677 1519 1776 ἀρκοῦσιν
1542 1683 1576 1756 ai
1601 1683 1790 1778 φαντασίαι.
1843 1691 1964 1757 Deinde
1986 1711 2050 1758 non
2073 1695 2174 1759 solnm

304 1801 322 1882 6
348 1802 388 1865 16
413 1797 586 1866 sedetiam
610 1800 668 1864 hoe
690 1799 759 1882 ipse
782 1799 850 1863 1666
874 1798 999 1862 videtur
1022 1816 1089 1863 esse
1112 1796 1313 1862 scribendum
1344 1789 1611 1882 προπίπτειν
1641 1814 1704 1861 nen
1735 1791 2040 1882 προσπίπτειν.
2087 1799 2174 1879 Quae

304 1907 398 1972 verba
420 1906 454 1970 in
478 1904 654 1972 Stoicorum
676 1905 854 1989 praereptis
884 1903 1079 1986 distinguere
1111 1906 1178 1968 tam
1208 1901 1338 1968 diffieile
1368 1905 1435 1980 est,
1465 1905 1503 1968 ut
1524 1903 1665 1969 Zellerus
1687 1902 1766 1968 IIIa.
1788 1921 1839 1986 pg.
1861 1905 1935 1969 468.
1964 1907 1984 1969 2
2015 1909 2175 1986 tamquam

303 2015 467 2096 desperata
489 2031 522 2078 re
545 2013 665 2090 doceat,
698 2012 781 2078 inter
804 1999 1115 2096 ἀπροπτωσίαν
1146 2009 1200 2091 (·--·
1223 1999 1402 2096 ἒπιοτνίμην
1431 2006 1489 2074 τοῦ
1519 1999 1601 2075 πάιε
1626 2007 1681 2074 δεῖ
1712 2002 2015 2094 συγκατατίθεσθαι
2046 2006 2100 2074 καί
2131 2003 2177 2095 μή

306 2120 396 2201 Diog.
421 2117 522 2183 Laert.
547 2117 698 2200 111146)
728 2121 761 2185 61
791 2106 1128 2204 ἀπροσπτισσίαν
1159 2117 1237 2182 nihil
1268 2117 1331 2182 nisi
1362 2116 1592 2199 pronunciandi
1623 2115 1776 2182 interesse
1805 2117 2031 2182 diversitatem.
2078 2115 2176 2196 Quasi

302 2244 374 2292 vero
397 2243 493 2308 supra
508 2243 575 2308 eap.
593 2227 644 2300 13,
667 2225 687 2288 6
712 2244 768 2308 pro
791 2211 1084 2310 ἀπροπτώτως
1107 2210 1242 2287 ἀκοῦσαι
1265 2220 1322 2287 τοῦ
1344 2213 1387 2286 τὰ
1407 2216 1484 2308 τρία
1505 2217 1647 2308 τέσσαρα
1669 2213 1711 2308 pu]
1737 2211 1817 2287 εἶναι
1840 2217 1957 2298 τελέως
1978 2224 2080 2306 possit
2102 2225 2176 2306 poni

303 2319 538 2416 ἀπροσπταί
544 2352 631 2407 τως.
680 2331 810 2398 Videtur
833 2334 937 2398 autem
962 2323 1184 2416 προσπίπτειν
1206 2348 1274 2396 esse
1300 2329 1419 2414 spendo
1448 2329 1618 2412 offendere,
1649 2323 1850 2414 προπίπτειν
1879 2333 1990 2395 ansere
2018 2330 2176 2412 ορίνισντᾱσ

303 2459 419 2506 mesre.
455 2437 502 2505 Cf.
526 2437 659 2504 maxime
682 2438 768 2504 Plut.
793 2435 893 2504 Celet.
915 2455 964 2521 ep.
988 2439 1040 2514 26,
1063 2434 1168 2504 5-7:
1192 2429 1226 2501 τί
1248 2419 1304 2502 οἶν
1326 2427 1478 2523 φεύγουσι
1501 2426 1616 2518 μόνους
1639 2483 1648 2501 .
1673 2483 1681 2500 .
1704 2425 1742 2501 τὸ
1766 2425 1911 2514 δοξάζειν
1933 2432 1988 2499 καὶ
2013 2430 2175 2520 προπί-

305 2567 426 2610 πτειν
448 2551 505 2630 τίν
528 2535 774 2628 συγκατάθεσιν.
826 2543 1110 2627 5161611111).
1135 2545 1216 2609 232:
1246 2533 1297 2608 διδ
1329 2539 1384 2607 καὶ
1414 2533 1452 2608 τὸ
1482 2535 1749 2628 προπίπτειν
1780 2531 1844 2628 πρὸ
1876 2532 2090 2628 καταλήψεως
2120 2539 2176 2605 καὶ

304 2645 607 2737 συγκατατίθεσθαι
630 2641 714 2716 κατὰ
736 2643 791 2718 τάν
815 2647 964 2738 προπετῆ
986 2641 1113 2738 φαύλου
1135 2638 1227 2715 είναι.
1264 2648 1347 2715 Sext
1364 2649 1483 2733 Empir.
1498 2649 1567 2715 adr.
1582 2649 1680 2715 math.
1696 2647 1767 2714 VII.
1782 2669 1813 2732 p.
1828 2650 1903 2727 281,
1920 2649 1962 2714 27
1979 2647 2032 2713 B.:
2054 2646 2109 2712 ίνα
2131 2641 2174 2734 μί,

303 2749 403 2844 vairp
426 2752 665 2837 συναινέσαντος
687 2754 970 2845 προπέσωμεν
992 2748 1048 2824 διά
1070 2747 1127 2822 τίν
1150 2750 1322 2842 γειτνίασιν
1351 2752 1408 2821 καὶ
1435 2749 1483 2834 είς
1512 2745 1570 2820 τίν
1598 2752 1663 2820 τῶν
1693 2742 1930 2840 ἀκαταλήπτων
1959 2751 2015 2819 καὶ
2047 2751 2176 2840 ψευδῶν

304 2855 552 2950 συγκατάθεσιν.
1491 2857 1494 2862 ’
