4718 5604
1142 457 1339 520 ..4-

300 658 456 752 φρόνησιν
478 656 560 732 εἶναι
583 662 618 730 έν
640 660 843 750 ένεργητέοις,
875 656 931 748 τήν
954 661 990 729 δέ
1014 659 1217 751 δικαιοσόνην
1240 659 1393 754 φρόνησιν
1416 663 1450 731 ἐν
1473 656 1714 754 ἀπονεμητέοις·
1749 673 1793 742 ως
1823 663 1903 746 μίαν
1932 647 2033 732 aluno
2062 655 2176 753 δρετήν

301 773 374 850 ταῖς
397 767 434 838 δέ
456 762 540 857 πρδς
560 763 603 835 τά
625 761 803 856 πράγματα
825 766 952 850 σχέσεσι
979 763 1063 835 κατὰ
1091 763 1151 848 τὰς
1180 767 1339 857 ἐνεργείας
1369 771 1534 860 διαφέρειν
1564 770 1732 839 δοκοῦσαν.
1778 772 1918 855 Apparet
1947 774 2008 838 hoo
2037 772 2105 838 loeo
2135 771 2175 839 sd

301 870 616 966 φρόνησινεείίηαεε
638 876 769 942 rirtutss
792 875 1045 952 torennense:
1068 879 1176 942 auteur
1199 879 1416 944 definitionem
1439 879 1676 962 temperantiae.
1713 875 1797 944 (lanu
1819 875 1939 944 laetum
1963 881 2023 955 est,
2048 881 2085 943 nt
2099 879 2176 944 Plu·

302 985 430 1052 turohus
456 984 539 1050 hano
569 999 635 1048 rem
665 984 760 1049 edam
792 984 830 1050 de
858 981 968 1048 virtut.
992 983 1103 1049 morali
1127 988 1147 1049 2
1171 986 1338 1050 tractaret:
1372 975 1484 1070 Ζήνων
1506 1032 1515 1050 .
1539 1033 1548 1050 .
1571 971 1756 1070 ὁριζόμενος
1785 974 1843 1070 τήν
1871 975 2027 1071 φρόνησιν
2056 981 2090 1049 έν
2118 983 2177 1066 μέν

301 1078 534 1177 ἀπονεμητέοις
557 1079 770 1176 δικαιοσόννμ,
801 1083 836 1153 έν
857 1085 894 1155 δέ
916 1084 1106 1174 διαιρετέοις
1137 1081 1355 1178 σωφροσύνην,
1386 1085 1421 1154 έν
1450 1086 1487 1154 δέ
1516 1077 1741 1171 ὑπομενετέοις
1771 1077 1929 1175 άνδρείαν.
1984 1089 2056 1173 lpse
2078 1092 2177 1173 igitur

303 1197 386 1264 nono
409 1195 455 1262 sie
478 1195 602 1261 videtur
623 1195 800 1278 scripsisse:
825 1189 858 1260 έν
880 1189 917 1260 δέ
940 1189 1097 1280 αἱρετέοις
1119 1187 1337 1284 σωφροσύνην,
1361 1190 1395 1260 έν
1417 1191 1454 1262 δέ
1476 1183 1700 1278 ὑπομενετέοις
1721 1191 1779 1261 καί
1801 1191 1995 1282 ένεργητέοις
2017 1183 2175 1281 δινδρείαν.

301 1301 348 1370 Ol.
371 1301 435 1368 (lio.
451 1299 580 1366 Tusonl.
603 1299 655 1366 IV.
679 1303 731 1366 24.
755 1299 811 1367 53:
832 1299 983 1382 fortitudo
1005 1307 1051 1368 eat
1065 1351 1073 1368 .
1089 1351 1097 1367 .
1112 1299 1304 1368 οοιεεινυοίίο
1325 1299 1449 1368 debilis
1468 1303 1581 1368 ιἰεδίοίι·
1603 1303 1640 1368 lu
1661 1304 1707 1368 eis
1728 1299 1831 1381 νεδειε,
1858 1323 1938 1386 quoe
1957 1301 2177 1385 formidoloso:

298 1407 451 1486 uidear,
481 1405 651 1474 εειδειενεδίε
679 1412 708 1473 et
736 1405 931 1490 repellendis.
984 1407 1134 1474 Mutilum
1166 1427 1234 1474 esse
1264 1407 1400 1473 Zenonis
1432 1407 1466 1473 iu
1497 1407 1730 1492 Repugnantiin
1761 1409 1866 1476 looum
1898 1408 2048 1476 viderunt
2078 1410 2176 1476 otiam

303 1514 460 1582 Ktster
482 1511 589 1596 Progr.
612 1511 727 1596 Gymn.
751 1513 891 1580 Werdor.
915 1512 1018 1580 Berol.
1044 1512 1130 1580 1864
1152 1517 1186 1581 et
1208 1513 1358 1597 Patzig
1380 1517 1501 1598 quaest
1524 1513 1611 1581 Plut.
1638 1515 1732 1582 1876.

463 1757 538 1842 (lap.
557 1757 643 1824 VIII.
680 1756 811 1824 Traotat
824 1757 1014 1824 Plutarchus
1029 1757 1179 1825 dilemma
1193 1758 1328 1826 Zenonis
1351 1759 1391 1824 ad
1413 1757 1503 1826 litem
1517 1757 1752 1826 diiudicandam
1775 1763 1941 1844 utramque
1963 1763 2087 1842 partem
2109 1779 2177 1826 esse

302 1865 490 1932 audiendam
513 1864 669 1948 negantis.
715 1863 764 1930 Ibi
787 1863 913 1930 ridetur
934 1882 1003 1932 esse
1024 1863 1244 1932 seribendum:
1274 1851 1389 1946 δμοιυν
1410 1885 1473 1944 ως,
1504 1864 1606 1930 deleto
1629 1855 1708 1950 γάρ,
1741 1868 1774 1930 et
1803 1863 1885 1930 infra
1916 1864 1986 1930 κατ’
2010 1851 2175 1951 ον’·δέτερον

302 1956 358 2096 olo
372 1959 565 2160 φαγωῖορ.
603 1969 707 2143 Veii}
729 1988 749 2036 a
770 1970 919 2038 Dubuero
942 1970 1046 2038 nuruis
1067 1970 1159 2038 uueis
1181 1970 1304 2038 inolusa
1325 1955 1397 2056 ήτοι
1420 1969 1449 2038 δ
1473 1957 1640 2050 άπέδειξεν
1662 1960 1683 2058 ἢ
1704 1957 1764 2036 οὑκ
1786 1957 1954 2049 ἀπέδειξεν
1976 1958 2061 2056 (ήτοι
2076 2009 2091 2019 -
2108 1959 2177 2057 ήε

229 2155 234 2169 ,
302 2101 388 2164 η-η
426 2097 544 2161 posaun
581 2095 631 2144 ser
700 2124 708 2142 .

463 2217 501 2283 In
524 2235 590 2302 ουρ.
614 2216 667 2294 ΙΧ,
691 2235 752 2300 qno
775 2217 809 2284 in
832 2217 972 2286 ordinem
995 2217 1236 2300 disoipliuarum
1259 2239 1278 2286 a
1300 2218 1418 2288 Stoiois
1439 2224 1648 2287 traotntunrm
1678 2220 1869 2302 inquiritur,
1898 2219 2006 2285 omnia
2035 2221 2112 2285 bene
2142 2240 2176 2285 se

301 2325 429 2390 habeut.
465 2323 633 2408 vituperat
648 2327 756 2390 tamen
772 2323 908 2390 (iubetur
931 2323 1009 2390 Nou.
1032 2325 1118 2391 beot.
1140 2343 1170 2406 p.
1194 2327 1276 2392 513:
1300 2309 1345 2388 ιδν
1366 2309 1459 2392 οὐδέν
1480 2319 1551 2392 ἔστι
1573 2323 1752 2412 πεισθῆναι
1765 2317 1811 2412 μή
1833 2317 1890 2392 διὰ
1911 2319 2041 2409 βάθους
2063 2323 2176 2412 έγιρα-

304 2427 406 2498 θέντυ
429 2433 499 2510 τοῖς
521 2431 672 2518 φυσικοῖς
695 2421 819 2514 λόγους,
843 2449 916 2498 oum
938 2431 1033 2501 dioit:
1066 2432 1185 2508 „immo
1208 2449 1280 2498 vero
1303 2453 1350 2497 συ
1357 2427 1521 2518 γκραθέ
1528 2455 1617 2512 νεα,
1641 2433 1723 2516 quod
1746 2435 1795 2498 est
1818 2433 2038 2516 pervulgatum
2062 2434 2096 2498 iu
2119 2434 2177 2499 tali

303 2557 347 2616 re,
371 2541 404 2606 in
427 2557 490 2622 qua
510 2531 729 2624 έγιειρόσθαι
750 2537 851 2602 τίεται
873 2539 1007 2602 mouet.“
1052 2535 1164 2603 Paullo
1187 2537 1271 2604 intra
1285 2538 1333 2604 nil
1347 2537 1490 2618 interest,
1514 2556 1714 2606 servemusne
1736 2539 1906 2606 leetionem
1921 2539 2178 2606 Dnebnorianam

305 2636 345 2726 pi
371 2633 528 2730 πρότερον
558 2634 629 2708 ἀλλ’
659 2633 790 2727 ὕστερον
811 2636 983 2710 έκείνων
1005 2635 1266 2728 παραδίδοσθαι,
1288 2661 1331 2710 nn
1344 2661 1498 2728 ponamus
1513 2645 1597 2730 quod
1612 2645 1821 2714 Bernurdalris
1835 2645 2034 2712 sommendat
2048 2639 2177 2710 ἐκεῖνον.

463 2889 539 2974 Gap.
561 2888 599 2956 X.
645 2889 823 2956 Admodum
846 2889 994 2955 videntur
1015 2907 1084 2956 εεεε
1106 2889 1236 2955 turbata
1266 2907 1317 2966 aa,
1349 2907 1430 2972 quae
1451 2890 1491 2956 de
1513 2887 1684 2974 chrysippi
1714 2895 1899 2974 praeeepto,
1927 2909 1967 2957 ne
1997 2893 2114 2955 temore
2143 2890 2177 2954 in

303 3003 472 3082 utramque
486 3001 609 3082 partam
624 2997 815 3080 disputetur,
835 2997 953 3061 habeut
968 2997 1140 3064 editiones:
1163 2998 1233 3073 τοῖς
1255 2991 1315 3077 μέν
1336 2987 1398 3080 γὰρ
1420 2988 1541 3082 ἐποχήν
1563 2984 1677 3080 άγουιι
1699 2991 1776 3080 περὶ
1797 2986 1932 3060 πάντων
1953 2994 2178 3076 (Αοεόεοιίεἰε)

174 3139 176 3144 v
303 3095 474 3188 διαβάλλει
496 3151 505 3170 .
529 3151 537 3169 .
562 3151 571 3168 .
594 3105 664 3180 τοῖς
687 3099 724 3168 δέ
745 3093 925 3190 ἐπιστήμην
947 3097 1212 3187 ένεργαζεμένυις,
1235 3101 1315 3167 καθ’
1339 3089 1377 3188 ἣν
1406 3091 1670 3186 ὁμολογουμένως
1697 3093 1911 3186 βιωσόμεθα,
1940 3093 1983 3166 τὰ
2005 3096 2178 3167 έναντέσ

304 3207 564 3292 στοιχειοῦν,
587 3207 643 3274 καί
666 3203 1016 3290 καταστοιχίζειν
1037 3199 1113 3286 τοὺς
1134 3201 1357 3294 ιίςαγομένους
1379 3195 1438 3272 ὑπ’
1462 3195 1560 3296 ἀρχῆς
1580 3204 1675 3295 μέχρι
1695 3205 1817 3288 τέλους,
1840 3204 1892 3297 ἐφ’
1908 3193 1953 3272 ὧν
1975 3200 2087 3294 καιρός
2108 3203 2177 3273 έστι

302 3313 488 3404 μτηεδήναι
510 3313 566 3380 καὶ
587 3313 652 3390 τῶν
673 3310 826 3382 ίναντίων
848 3307 961 3401 λόγων.
1000 3315 1059 3380 Pro
1081 3305 1131 3380 τὰ
1153 3308 1326 3380 ένοιντίοε
1349 3316 1430 3380 alius
1453 3315 1581 3398 seripsit
1600 3305 1651 3380 τά
1672 3306 1774 3394 ἴδια,
1798 3315 1881 3380 alius
1901 3306 1952 3380 τὰ
1974 3305 2176 3400 δόγματα,

304 3425 388 3492 εδει
408 3414 459 3488 τά
481 3408 709 3508 ἀναγκαῖα,
733 3423 827 3489 eieoit
848 3421 996 3504 Madvig,
1031 3423 1113 3504 quod
1144 3439 1162 3487 e
1191 3421 1406 3504 superioribus
1435 3422 1571 3505 repetita
1600 3422 1676 3488 sint.
1719 3415 1987 3502 Κοτυτεοιχίζειν
2015 3440 2079 3487 non
2108 3438 2178 3486 esse

177 3551 180 3556 ·
305 3529 493 3596 mosonium
516 3525 673 3595 Graoonm
695 3545 768 3594 oum
791 3547 899 3594 omnes
921 3529 1142 3606 manentiam,
1174 3527 1258 3592 idem
1281 3527 1433 3594 radioitus
1456 3526 1616 3610 exstirpat
1672 3518 1757 3605 Τυὺς
1783 3521 2011 3612 ἀναγομένους
2039 3527 2182 3611 plerique

305 3633 453 3704 videntum
486 3635 688 3720 interpretari
724 3635 975 3718 discipulos,
1014 3651 1095 3717 quae
1133 3637 1238 3700 tamen
1276 3633 1363 3702 verbi
1402 3633 1452 3698 vis
1488 3651 1596 3700 vereor
1632 3635 1670 3698 ut
1705 3637 1782 3700 ante
1817 3632 2002 3700 Christiana
2038 3637 2183 3716 tempora

305 3743 495 3810 inveniatur.
541 3741 695 3826 liquidem
718 3746 793 3826 puto
815 3732 890 3817 τοὺς
912 3733 1139 3824 εἰσαγομένους
1165 3757 1233 3807 esse
1256 3731 1387 3824 λόγους,
1419 3742 1608 3822 nranimento
1628 3757 1649 3805 a
1670 3736 1848 3822 Chrysippo
1877 3739 2056 3824 proposita:
2088 3755 2182 3820 argu·

305 3853 414 3916 menta
436 3851 542 3916 nutem
565 3847 706 3916 rhetores
730 3849 835 3913 solent
858 3865 920 3912 non
944 3840 1198 3927 καταστοιχίζειν
1212 3845 1267 3912 aod
1283 3835 1530 3924 κατασκευάζειν
1544 3845 1566 3909 i.
1582 3863 1609 3910 ε.
1626 3845 1839 3913 demonstrare
1861 3849 1895 3912 et
1915 3847 2058 3928 probare,
2082 3845 2120 3912 nt
2143 3844 2182 3910 ds

304 3955 364 4023 lusu
384 3956 456 4038 ipsa
479 3975 512 4021 re
534 3957 645 4040 pausis
667 3953 807 4021 versibus
830 3955 903 4034 post
917 3949 1124 4017 Pluturohns:
1147 3942 1223 4030 τούς
1244 3943 1407 4029 ένανείους
1429 3937 1481 4028 οἷς
1504 3941 1672 4032 δοκιμάζει
1693 3941 1809 4036 λόγους
1830 3942 2060 4018 mamalum
2081 3945 2186 4036 έρρω-

306 4055 409 4142 μένως
432 4057 488 4126 καὶ
510 4051 592 4142 μετδι
615 4058 768 4148 σπουδῆς,
792 4078 894 4142 usque
916 4059 1010 4124 aliter
1032 4075 1098 4142 esp.
1116 4060 1172 4124 23:
1195 4049 1420 4145 ἐπελευστικήν
1440 4078 1514 4122 τινα
1535 4049 1658 4144 κίνησιν
1680 4051 1715 4121 έν
1735 4053 1784 4143 τῷ
1805 4045 1982 4144 ἡγεμονικῷ
2004 4075 2181 4152 κατασκευ-

305 4157 438 4246 άζουσιν
459 4167 660 4252 εερίατίοιίε
685 4168 761 4232 loeis
783 4166 868 4250 apud
890 4163 1018 4232 Sextum
1043 4163 1249 4248 llmpirioum.
1292 4163 1380 4230 llaoo
1401 4157 1500 4246 igitur
1520 4161 1654 4228 forsitan
1676 4163 1840 4246 :eripuerit
1863 4161 2077 4248 Chrysippus:

572 4275 642 4350 τοῖς
672 4269 709 4338 δέ
737 4262 918 4358 ἐπιστήμην
948 4265 1220 4356 ἐνεργαζομένοις,
1251 4270 1331 4336 καθ’
1354 4257 1392 4356 ἢν
1413 4255 1678 4354 δμοίωγουμένεες
1706 4258 1919 4352 βιασόμεθα,
1948 4260 1992 4335 τά
2020 4261 2182 4333 έαυτυίν

571 4376 748 4462 στοιχειοῦν
770 4375 826 4444 καί
849 4367 1181 4457 κατασκευάζειν
1202 4367 1278 4454 τοὺς
1300 4369 1526 4462 εἰσαγομένους
1548 4366 1664 4460 λόγους
1686 4361 1745 4439 ἄντ’
1769 4361 1868 4463 ἀρχῆς
1889 4370 1984 4462 μέχρι
2005 4370 2128 4451 τέλους.

464 4519 501 4586 Ιυ
524 4521 674 4603 proximis
695 4519 866 4588 desiderari
888 4513 982 4584 τοῦτο
1005 4519 1113 4584 ποιεῖν
1135 4513 1201 4584 lam
1224 4517 1305 4585 vidit
1318 4515 1390 4602 Wp.
1435 4515 1495 4583 Pro
1518 4511 1773 4596 κακοῦντας,
1803 4516 1886 4599 quod
1908 4511 1985 4600 qnid
2008 4510 2180 4590 sitirent,

306 4628 339 4692 in
362 4627 493 4710 obseuro
516 4629 582 4704 est,
613 4627 787 4693 sombamus
817 4621 1176 4712 κατηγοροῦντας,
1207 4623 1291 4707 quod
1318 4621 1359 4710 τῇ
1388 4615 1559 4711 συνηγορίᾳ
1590 4615 1778 4707 respondeat
1807 4619 1860 4703 (σί.
1883 4619 1902 4704 ζ
1926 4623 1963 4688 7:
1994 4617 2060 4686 τῶν
2082 4605 2183 4684 αὑτοῦ

306 4721 476 4817 δογμάτων
498 4723 674 4818 κατήγορον
696 4719 774 4799 δ’ντα
797 4723 973 4818 δεινότερον
995 4719 1014 4818 ἢ
1037 4721 1233 4817 συνήγορον).
1247 4763 1290 4778 -
1306 4729 1325 4813 θ
1340 4732 1360 4797 8
1376 4748 1433 4814 pro
1448 4716 1728 4796 ὑποδεικτέον
1742 4729 1805 4794 iam
1821 4726 1893 4812 Wy.
1909 4728 2051 4796 restituit
2074 4715 2182 4792 ὑπο-

305 4834 490 4904 δεκτέον.
509 4873 547 4884 -
566 4835 585 4920 fi
603 4837 643 4904 15
660 4857 716 4922 pro
732 4838 863 4922 vulgata
877 4837 1013 4905 leotione
1027 4828 1084 4924 τήν
1097 4827 1219 4904 τυίσων
1238 4829 1484 4920 συγγένειαν
1499 4835 1680 4919 Madvigius
1695 4835 1927 4904 oommeudavit
1941 4828 2182 4916 συνέχειανς

305 4953 369 5011 non
393 4946 485 5026 male,
507 4945 545 5011 nt
566 4943 700 5012 videtur
