4718 5604
1138 435 1331 496 ,6-

300 653 450 732 leguntur
473 651 554 714 inira
578 669 643 731 cup.
672 649 720 712 15.
745 653 774 712 3.
797 647 826 711 5.
875 648 1013 728 Utroque
1038 649 1102 710 loru
1126 647 1303 726 Madvigius
1329 647 1414 710 iubet
1439 647 1550 712 scribi:
1575 643 1638 710 erio
1661 641 1695 709 δέ
1712 643 1753 708 δι’
1770 633 1875 708 cluss
1890 633 2169 728 αίρεειῡνόντως

300 757 366 820 scil.
396 751 506 830 τέλονς
530 743 806 834 ἀπολειπομένων,
838 755 942 818 minus
967 755 1054 830 bene,
1086 757 1123 817 ut
1154 754 1271 834 opinor.
1318 753 1399 818 Nam
1431 773 1511 834 quae
1541 773 1596 836 per
1628 773 1660 818 se
1690 755 1892 835 appetuntur,
1920 753 2016 817 etiam
2041 771 2168 818 revera

299 867 502 942 appetuntur,
535 881 591 926 uec
615 861 713 934 video,
745 861 896 940 qrromodo
928 855 1037 934 τέλσος
1068 847 1336 938 ἀπολειπομένων
1367 861 1511 942 supplere
1542 859 1636 924 liceat
1667 861 1705 924 ad
1729 860 1883 940 pluralem
1908 859 2015 926 illum:
2038 857 2102 922 τῶν
2125 857 2166 924 δι’

299 957 402 1030 aiecio
426 963 561 1052 αλρετιῡν
584 967 747 1030 interiecto
771 967 924 1048 singulari
948 963 1003 1030 τοο
1027 963 1135 1030 καλοῦ.

457 1085 473 1162 ξ
499 1085 528 1146 5.
575 1083 716 1146 Affertur
739 1081 908 1164 Chrysippi
932 1083 1019 1146 locus
1042 1077 1075 1144 έν
1097 1079 1142 1164 cpi
1167 1077 1240 1164 περί
1265 1078 1321 1144 νοῦ
1345 1072 1433 1156 Διός·
1450 1069 1607 1158 αόξεσθαι
1625 1071 1684 1157 τὰς
1701 1069 1816 1166 ἀρετὰς
1832 1077 1887 1146 καὶ
1910 1080 1930 1148 δ
1938 1077 2165 1164 ιαβαένειν.

299 1191 354 1252 Est
378 1191 453 1252 haec
479 1208 532 1251 vor
559 1188 736 1253 Stoicorum
759 1189 893 1270 propria,
917 1189 1057 1252 eiusdem
1081 1187 1164 1250 euim
1188 1187 1356 1270 Chrysippi
1380 1189 1466 1252 loeus
1490 1191 1592 1252 exstat
1622 1187 1717 1252 etiam
1749 1189 1788 1252 de
1818 1189 1963 1254 audiend.
1995 1193 2077 1270 poet.
2105 1191 2165 1253 ll:

302 1287 495 1379 Χρύσιππος
511 1286 790 1378 παραβιαζόμενος
805 1283 947 1376 εόρίοπα
964 1289 1123 1378 Κρονίδνμ
1145 1283 1224 1358 είναι
1250 1284 1305 1358 τόν
1327 1285 1430 1359 δεινόν
1452 1291 1485 1358 έν
1507 1292 1553 1378 τῷ
1577 1289 1784 1378 διαλέγεσθαι
1803 1291 1857 1358 καὶ
1879 1286 2166 1378 διαβεβηκότα

297 1399 334 1485 τῇ
358 1393 486 1480 ιλινιίμει
515 1398 568 1464 roi·
592 1393 696 1482 λόγον.
732 1405 832 1479 erem
848 1401 951 1464 locmu
968 1401 1041 1463 dum
1058 1400 1129 1481 Wp.
1154 1401 1185 1464 iu
1210 1401 1532 1466 uniumdoersiooibvs
1555 1405 1680 1474 tractet,
1704 1401 1829 1466 videtur
1852 1401 1930 1465 mihi
1955 1401 2059 1464 minus
2082 1403 2165 1464 recte

296 1507 449 1584 originem
475 1508 557 1570 vocis
589 1507 628 1570 ad
652 1506 852 1572 Homericmn
884 1507 961 1570 illud
993 1491 1034 1569 εί·
1066 1499 1218 1588 διαβάς
1248 1507 1417 1570 rettulisse.
1464 1508 1580 1572 Melius
1611 1509 1839 1589 courparaveris
1870 1507 2029 1574 Ciceronis
2061 1507 2164 1578 verba.

296 1613 349 1692 qui
381 1613 477 1694 ipsius
509 1613 674 1694 Chrysippi
707 1615 808 1678 locum
842 1615 965 1678 videtur
995 1615 1027 1678 iu
1060 1615 1193 1678 latinum
1225 1613 1414 1679 convertisse
1439 1613 1482 1704 (d.
1506 1615 1560 1678 διν.
1587 1613 1643 1690 ΙΙΙ,
1671 1616 1719 1678 15.
1743 1615 1816 1696 esp:
1839 1635 2028 1696 ρεισνιιμιανιι
2049 1618 2165 1696 amparet

295 1717 424 1796 (Stoici)
446 1741 502 1783 τινα
525 1721 652 1784 ιννλαλιιν
674 1742 730 1784 uec
753 1721 830 1784 uitio
851 1741 1002 1798 erescere,
1032 1725 1135 1784 λιινιιωι
1166 1725 1327 1804 ιιλνανιιρκο
1357 1742 1462 1785 emano
1483 1720 1606 1800 βιινιιλέ
1629 1720 1848 1801 οωοιέωιιναοδο
1872 1725 1900 1783 ολ
1921 1721 2014 1800 quasi
2035 1719 2166 1784 dilatari

290 1830 414 1906 χιιιέωιιλ,
438 1827 476 1890 ad
500 1846 579 1907 quoe
603 1827 790 1892 illustranda
815 1828 991 1908 Madvigius
1016 1829 1047 1892 iu
1078 1827 1301 1892 eornmentario
1332 1827 1477 1906 adiungit
1510 1826 1618 1900 Senes.
1650 1827 1742 1908 epist.
1767 1827 1817 1892 74.
1849 1825 1908 1890 28:
1940 1825 2036 1890 Modo
2068 1825 2163 1889 latine

295 1933 393 1996 uirtus
406 1931 427 2011 s
429 1953 450 1994 ιι
458 1954 480 1996 ιι
488 1933 510 1996 ιλ
516 1934 614 2008 itur,
637 1955 743 2016 reputa,
759 1934 857 2011 urbes,
879 1936 1059 2014 provideres
1074 1939 1221 2014 irruperat
1237 1982 1243 1996 .
1260 1981 1267 1996 .
1282 1981 1290 1998 .
1306 1933 1394 1998 αιοιλο
1409 1939 1478 1997 verto
1490 1939 1555 2014 βιισ
1569 1935 1790 2000 σίνειιαιιλσλιιν.
1824 1935 1942 2000 Incidit
1957 1935 1988 1998 iu
2006 1932 2164 1998 Ciceronis

294 2039 396 2102 loouur
420 2039 515 2102 etiem
539 2039 855 2104 Sihrrruoher·Zi
859 2039 872 2120 j
883 2059 958 2104 nen
984 2042 1014 2104 iu
1039 2042 1116 2105 libro
1140 2041 1176 2103 de
1204 2039 1374 2122 (llopstppi
1391 2040 1522 2120 percuss
1544 2063 1564 2106 ιι
1591 2040 1760 2106 Ρλιιλιινολιο
1783 2042 1963 2106 astruente
1986 2041 2114 2122 scripto.

453 2154 470 2234 ξ
496 2157 526 2218 6.
572 2154 723 2233 eranrvis
746 2157 852 2220 omnia
875 2159 959 2220 recte
983 2157 1066 2220 laeta
1090 2157 1177 2237 paria
1194 2157 1267 2231 sint,
1285 2159 1390 2220 lernen
1407 2155 1619 2239 Chrysippum
1636 2157 1805 2222 discrimen
1822 2157 1978 2238 quoddam
1995 2155 2163 2220 admittere

294 2259 372 2323 dicit
395 2261 595 2326 Plutarchus,
640 2258 738 2344 Λέγει
765 2253 825 2345 γὰρ
847 2253 949 2337 ciltena·
972 2258 1006 2324 έν
1027 2259 1073 2344 rip
1097 2259 1169 2344 περί
1196 2250 1423 2346 1ιός·”Εργων
1453 2255 1514 2348 γὰρ
1545 2255 1627 2326 κατὰ
1656 2256 1715 2338 τὰς
1746 2251 1861 2346 &gerrig
1896 2249 1996 2326 όντων
2026 2255 2161 2338 οἰκείων,

293 2359 359 2430 ἔστι
384 2359 425 2430 ιδ
449 2363 763 2450 προενεχθέντα
787 2365 839 2431 καί
865 2361 994 2431 ιοίτων
1019 2359 1088 2431 οἷον
1111 2355 1265 2450 ἀνδρείως
1291 2358 1347 2432 τόν
1369 2361 1527 2432 δόνει-ελον
1556 2365 1692 2432 ἐκτεῖναι
1717 2417 1724 2432 .
1750 2417 1757 2431 .
1783 2415 1790 2431 .
1815 2364 1887 2430 τίνα
1917 2361 2065 2452 ἐμφαίνει
2098 2375 2162 2448 ψε-

293 2468 385 2554 χριάν
407 2461 425 2536 ό
449 2464 504 2536 διὰ
526 2473 590 2536 τιον
612 2467 766 2537 τοιοίιιον
789 2470 933 2537 ἐπαινεῖν·
955 2496 1043 2550 τινας
1066 2471 1245 2557 ἐπιχειρῶν.
1292 2475 1476 2556 Turpiorcn
1504 2495 1598 2557 prope
1629 2475 1705 2539 mihi
1737 2474 1861 2538 ridetur
1885 2474 2074 2538 Plutarchus
2097 2481 2162 2552 νμν-

292 2575 385 2662 χριάν
400 2575 575 2664 ἐμφαίνειν,
602 2581 680 2643 talia
696 2581 722 2643 si
747 2582 882 2661 scripsit.
929 2580 1020 2656 Num,
1046 2585 1082 2644 ut
1106 2585 1180 2661 apta
1203 2585 1308 2646 essent
1331 2583 1472 2662 proximu
1495 2581 1644 2662 exempla,
1669 2600 1731 2645 non
1763 2582 1793 2644 id
1826 2581 1854 2646 ci
1886 2577 2054 2644 dicendum
2085 2583 2162 2654 erut,

293 2704 359 2749 esse
384 2686 535 2766 quaedum
560 2707 594 2750 ox
620 2687 664 2750 eis
689 2707 768 2768 ιμιιιε
792 2688 910 2752 virtuto
935 2687 1045 2750 liereut
1068 2687 1141 2750 aliis
1166 2687 1484 2768 praestantiora
1507 2683 1769 2770 (προενεχθέντα)
1786 2687 1840 2753 sed
1857 2687 2012 2768 quaedam
2029 2686 2163 2750 miuus

293 2791 413 2854 leude
437 2791 579 2870 digna,
603 2797 639 2856 ut
663 2793 729 2874 ipse
753 2794 1009 2875 supradixerat:
1035 2791 1178 2857 ἐπαινεῖν·
1200 2785 1242 2878 με]
1269 2791 1335 2857 πᾶν
1357 2784 1394 2858 τὸ
1419 2785 1638 2876 πραττόμενον
1660 2785 1697 2858 τό
1722 2795 1790 2858 κατ’
1816 2781 1937 2880 ἀρετήν,
1964 2795 2011 2858 vel
2029 2795 2065 2857 ut
2081 2793 2163 2857 infra

292 2898 385 2962 habet
400 2889 474 2972 νοός
497 2894 651 2974 ἐπαίνοις
674 2888 951 2984 δλλονριιόσεσδαι
978 2892 1061 2964 κατὰ
1078 2891 1117 2962 τίν
1133 2897 1275 2969 recussu,
1298 2902 1345 2964 vel
1363 2899 1379 2980 ξ
1397 2904 1433 2964 9:
1458 2891 1609 2984 προσήκει
1637 2890 1697 2982 γδιρ
1719 2891 1761 2962 τὰ
1783 2896 1842 2980 μὲν
1871 2889 1955 2976 δλιος
1985 2893 2160 2982 παραπέμ-

291 3009 426 3081 πεσθαι,
452 3007 499 3069 vel
524 3025 592 3088 sup.
618 3011 669 3082 23,
696 3011 730 3071 1:
755 2998 837 3070 είναί
859 3030 931 3070 τινα
955 2999 1130 3088 πρόγμαια
1158 2997 1199 3090 μὴ
1233 3002 1355 3090 πολλῇς
1378 2993 1455 3083 δξια
1485 2994 1562 3068 drea
1593 3001 1817 3090 πραγματείας
1840 3009 1899 3070 eet.
1944 3005 2027 3084 Quid
2051 3005 2161 3080 multu,

291 3131 344 3192 pro
377 3109 693 3194 προενεχθέντα
721 3132 874 3194 ponamus
906 3109 1223 3197 πιιρενεχέλένια
1246 3139 1287 3166 =
1310 3131 1412 3192 ιμιιιε
1444 3114 1736 3193 rregleguutur.
1785 3111 1831 3176 sl.
1863 3113 1948 3176 Plut.
1980 3113 2070 3176 hrat.
2102 3113 2160 3176 43:

290 3209 363 3281 τότε
384 3213 443 3297 μὲν
466 3203 521 3280 οόν
544 3211 720 3303 παρήνεγκε
744 3211 778 3283 εδ
803 3215 912 3305 dultin,
938 3219 1077 3301 l'elopid.
1106 3221 1159 3282 lu:
1183 3215 1240 3281 τοτ’·
1266 3213 1423 3282 mittebar
1446 3213 1692 3303 παραφέροντος
1715 3209 1771 3282 τόν
1794 3209 1895 3300 λόγον.

450 3334 467 3414 ἓ
492 3337 521 3398 8.
568 3335 746 3416 Madvigius
770 3339 862 3416 putat
885 3337 1035 3400 excidisse
1059 3335 1323 3413 significationem
1348 3335 1507 3398 actionum
1533 3353 1602 3400 vero
1625 3335 1764 3398 virilium
1789 3337 1820 3398 et
1843 3334 2064 3407 modestanuu,
2089 3351 2160 3396 oum
2236 3371 2249 3384 -

291 3438 330 3501 ad
348 3440 427 3502 hunc
444 3441 574 3504 formam
599 3442 637 3520 (si
662 3461 724 3504 nou
749 3443 797 3504 his
821 3443 897 3523 ipsis
921 3441 1037 3516 verbis)
1061 3442 1211 3522 scriptum
1237 3445 1336 3505 esset:
1361 3435 1390 3504 εὶ
1414 3436 1474 3522 γὰρ
1497 3434 1568 3503 ίσον
1591 3435 1657 3502 ἐστί
1684 3431 1720 3503 ιδ
1744 3429 1897 3524 ἀνδρείως
1922 3427 2019 3522 Ιίνιέρ
2042 3433 2160 3522 πατρί-

290 3544 347 3620 δος
369 3538 547 3625 μαχόμενον
570 3543 715 3630 σωθῆναι
742 3543 794 3609 καί
822 3539 857 3610 τό
881 3535 1049 3630 όνδρείωςΙ
1074 3545 1179 3631 δῆγμα
1202 3542 1300 3626 μνίας
1322 3542 1457 3630 ἐνεγκεῖν
1479 3543 1533 3609 καί
1557 3537 1594 3609 τό
1619 3537 1794 3631 σωφρόνως
1818 3544 1932 3631 [καλῇς
1947 3537 2090 3618 νεάνιδας
2106 3541 2159 3606 καὶ

290 3641 327 3713 τό
344 3643 533 3734 σωφρόνως]
559 3639 764 3732 ἀποσχέσθαι
794 3651 847 3738 τῇς
870 3645 975 3740 γραός,
1001 3641 1100 3730 ον’·δέν,
1125 3643 1226 3733 οίμαι,
1252 3649 1397 3738 διαφέρει
1420 3645 1476 3716 τόν
1499 3651 1679 3716 σπονδαῖσι
1698 3639 1766 3716 διεδ
1781 3646 1903 3716 τούτων
1924 3639 2017 3737 ἢδπ·
2032 3645 2160 3712 ἐκείναιν·

291 3751 510 3820 ἐπαινεῖσθαι.
559 3757 648 3821 Addo
681 3759 784 3822 locum
810 3759 896 3824 Serti
923 3761 1074 3840 llmpirici
1099 3760 1167 3822 adr.
1198 3759 1346 3822 methem.
1371 3778 1401 3839 p.
1425 3762 1499 3823 424.
1527 3761 1567 3823 15
1591 3759 1685 3822 Belrlr.
1718 3749 1937 3842 ἐγκρατεύεται
1968 3749 2029 3842 γάρ
2060 3775 2161 3842 φασιν

291 3849 347 3941 οόχ
370 3851 387 3926 ὁ
412 3857 620 3949 θανατινίσιχς·
651 3855 748 3948 γραός
780 3852 975 3944 ἀπεχόμενος
1007 3851 1076 3927 dtr·
1101 3851 1118 3926 δ
1142 3861 1272 3940 Λαίδος
1303 3862 1356 3928 καί
1384 3857 1507 3950 (horione
1531 3913 1538 3927 .
1564 3913 1571 3927 .
1597 3851 1801 3944 ἀντεχόμενος.
1849 3865 1939 3928 vidit
1969 3883 2033 3929 rem
2064 3863 2160 3928 etiarn

292 3969 564 4048 Wptteubaohius.
611 3971 728 4034 Mirum
754 3976 836 4035 certe
861 3975 918 4048 ost,
943 3971 1024 4036 idem
1049 3971 1161 4034 vitium
1186 3972 1218 4036 in
1237 3971 1347 4034 iisderu
1365 3971 1456 4034 rebus
1472 3975 1504 4034 et
1521 3972 1620 4035 verbis
1637 3971 1734 4036 otiam
1750 3971 1850 4036 Notit.
1868 3969 1944 4052 vlt
1965 3975 1978 4036 l
1999 3970 2159 4034 accidisse.

290 4073 372 4138 Nam
396 4079 508 4140 neutro
525 4077 591 4140 loeo
608 4079 748 4142 actiones
765 4097 834 4142 vere
850 4078 957 4142 viriles
974 4079 1141 4158 cogitando
1160 4112 1200 4122 -·
1217 4081 1253 4140 ut
1270 4077 1399 4158 quidum
1416 4077 1539 4140 voluere
1558 4113 1595 4122 Μ
1615 4079 1761 4158 supplere
1778 4077 1860 4152 licet,
1882 4095 1954 4141 oum
1970 4075 2159 4140 Plutarchus

290 4181 322 4244 iu
346 4182 579 4263 liepugnantiis
607 4185 772 4248 adiecerit:
804 4171 871 4246 όιιό
897 4176 1016 4246 ιοόιων
1040 4173 1058 4267 iJ
1081 4170 1138 4244 ἀπ’
1163 4178 1299 4258 ἐκείνων,
1334 4183 1366 4246 in
1390 4183 1523 4246 Notitiis
1547 4170 1668 4262 ὁμοίιος
1692 4173 1753 4267 γὰρ
1776 4171 2011 4268 ἀμφότεροι
2044 4205 2159 4265 mog

290 4285 415 4352 deiero.
452 4291 548 4356 Recte
566 4295 671 4354 tamen
689 4291 868 4372 Madvigius
892 4291 1025 4354 sensisse
1049 4289 1207 4370 putandus
1232 4294 1287 4352 est.
1324 4291 1412 4367 Quod
1436 4308 1476 4353 ne
1503 4290 1554 4352 cui
1579 4289 1761 4355 incredibile
1786 4290 1937 4364 rideatur,
1961 4288 1994 4354 iu
2018 4289 2159 4364 Nabidis,

290 4412 350 4474 quo
374 4395 406 4458 iu
432 4395 510 4460 libro
533 4397 766 4476 argumentatio
789 4416 844 4478 per
867 4398 1049 4462 dilemmate
1073 4416 1109 4459 er
1133 4396 1215 4459 binis
1239 4395 1396 4460 similibus
1420 4396 1567 4460 membris
1591 4398 1764 4477 cornposibr
1787 4393 1953 4478 procedere
1977 4395 2074 4471 solet,
2098 4395 2159 4460 fere

290 4501 422 4580 triginta
438 4502 514 4565 locis
531 4503 649 4566 librarii
667 4505 867 4586 neglegentia
882 4503 1001 4567 lactum
1019 4509 1076 4578 ost,
1100 4505 1136 4566 ut
1152 4502 1239 4583 prius
1256 4501 1431 4566 membrum
1447 4501 1544 4566 altero
1561 4503 1707 4568 similiter
1723 4503 1890 4584 incipiente
1906 4502 1996 4582 quasi
2013 4502 2159 4566 absume·

290 4611 383 4670 retur.
430 4605 491 4685 (ss.
512 4625 622 4671 comm.
637 4628 738 4673 meam
756 4628 785 4691 p.
805 4609 868 4690 12).
904 4609 1049 4674 Ueterum
1073 4609 1090 4688 ᾖ
1116 4609 1133 4672 7
1158 4605 1468 4672 δοσβονατιῦσα
1491 4605 1588 4692 γραῦς
1611 4611 1716 4674 miuus
1740 4613 1824 4675 reete
1847 4607 1963 4673 dicitur
1985 4625 2080 4688 quam
2099 4611 2160 4674 *aut

289 4708 481 4776 βαναιιιῦσα
498 4717 533 4775 ut
551 4717 598 4776 est
614 4717 695 4796 apud
712 4715 841 4780 Sextum
867 4720 922 4779 aut
947 4715 966 4778 δ
975 4713 1221 4777 νσδανατοί·
1230 4735 1278 4778 σα
1302 4715 1341 4777 os.
1366 4713 1448 4778 Plut.
1475 4715 1597 4778 Lucull.
1625 4719 1675 4780 18.
1701 4717 1731 4792 7,
1756 4714 1887 4780 Flumen.
1914 4715 1943 4779 7.
1967 4717 1996 4780 3.
2021 4713 2102 4779 omo
2126 4717 2155 4778 2.

449 4817 632 4900 Sequuntur
655 4822 737 4903 apud
763 4821 968 4885 Plutarchum
998 4821 1058 4883 duo
1083 4820 1248 4902 Chrysippi
1279 4820 1404 4893 soritae.
1436 4840 1528 4900 quos·
1544 4822 1627 4904 apud
1652 4821 1833 4886 Ciceronem
1864 4822 1963 4886 latine
1994 4839 2158 4884 conversos

288 4928 438 5009 reperias:
465 4917 501 4991 τό
526 4911 653 5008 δγαδόν
676 4920 810 5011 αίρειόν,
836 4917 872 4992 ιδ
896 4923 931 4990 δέ
955 4918 1082 5010 αἱρετόν
1106 4913 1246 5012 ἀρεστόν,
1271 4916 1308 4990 τό
1323 4919 1359 4992 δὲ
1376 4913 1508 5008 ἀρεστόν
1523 4917 1699 5006 ἐπαινετόν,
1715 4917 1753 4992 τό
1769 4923 1805 4992 δι’
1820 4917 1988 4992 ἐπαινετόν·
2004 4919 2102 4992 καλόν
2117 4954 2158 4982 =
