4718 5604
1020 408 1239 470 ...1·1.„

192 623 269 686 diam
305 643 371 686 esse
400 619 545 702 mutum
568 619 741 684 testatorem
763 623 792 682 et
813 615 1005 682 subtiliorem
1031 620 1122 700 quom
1154 609 1261 702 φίοιν,
1293 619 1313 681 i.
1343 637 1370 682 e.
1400 635 1494 699 quam
1525 618 1587 680 sim
1619 618 1706 700 illam
1738 619 1897 698 vegetam,
1929 637 2007 700 quae
2035 619 2068 684 in

194 729 314 812 plantis
337 727 451 809 vigeat.
490 724 538 790 cf.
562 725 600 790 ds
622 724 714 806 prim.
736 723 844 804 frigio.
868 723 889 788 l.
913 742 940 787 o.
965 713 1015 803 (roi
1038 719 1178 804 πνεῦμα)
1201 714 1463 806 pantalionis
1485 713 1612 810 φύσεως
1634 713 1784 806 γίνεσθαί
1810 715 1922 808 φακῆν.

354 865 430 950 Cap.
453 865 596 932 XXXXI.
642 865 679 929 In
703 864 852 945 sicquae
875 862 893 944 §
917 865 936 926 5
961 865 994 927 st
1016 859 1037 924 6
1061 863 1212 944 leguntur
1241 863 1497 945 interpunctione
1528 841 1685 928 levissime
1708 865 1832 928 mutata
1855 863 1961 928 omnia
1982 867 2067 929 recte

193 997 226 1042 se
252 975 425 1040 habebunt.
473 971 561 1038 Dicit
591 971 675 1037 enim
699 967 910 1054 Chrysippus,
941 973 1161 1052 posteaquam
1176 971 1274 1034 totius
1305 969 1415 1034 mundi
1446 968 1590 1048 incendio
1621 987 1728 1033 ornnes
1758 988 1806 1034 res
1838 971 1870 1034 iu
1901 969 2005 1051 ignem
2036 971 2068 1048 et

193 1081 285 1166 quasi
308 1082 343 1146 iu
366 1080 504 1145 animam
521 1079 676 1143 resolutas
691 1078 765 1153 sint,
788 1075 1024 1162 refrigeratione
1048 1075 1115 1140 fieri
1140 1095 1175 1140 ex
1199 1077 1266 1157 igni
1291 1077 1426 1160 primum
1449 1077 1623 1152 humorem,
1648 1077 1715 1164 tum
1740 1075 1880 1156 reliqum
1904 1093 2067 1158 superesse

195 1193 300 1254 autem
323 1187 482 1270 quandam
506 1185 628 1250 animae
652 1187 684 1249 et
708 1185 791 1266 iguis
814 1183 1021 1266 particulam,
1052 1199 1132 1263 quae
1163 1187 1270 1264 postea
1300 1184 1372 1247 novi
1407 1181 1547 1248 incendii
1579 1200 1674 1246 causa
1704 1185 1736 1246 et
1766 1181 1900 1246 materia
1922 1181 1974 1247 sit.
2020 1181 2067 1248 Ci.

195 1283 317 1360 Philon.
341 1312 391 1375 ap.
415 1291 570 1358 Zellerum
594 1311 623 1374 p.
650 1293 723 1355 138.
750 1293 784 1354 l:
815 1281 898 1370 μετὰ
920 1279 977 1374 τὴν
1000 1279 1182 1374 &sericorum
1205 1337 1213 1352 .
1304 1279 1435 1370 σύμπαν
1457 1283 1516 1369 μὲν
1538 1278 1575 1352 τί)
1599 1285 1665 1372 πῦρ
1689 1278 1733 1368 οὗ
1764 1281 1947 1372 etiannum,
1979 1279 2063 1373 recor]

194 1398 302 1477 δέοις
323 1393 423 1464 αὐτοῦ
445 1399 545 1484 μοῖρα
568 1386 791 1461 ίπολείνιεεαι.
831 1395 1020 1460 Plutarchus
1036 1395 1136 1476 igitur
1158 1393 1282 1459 videtur
1304 1395 1381 1460 haec
1404 1393 1584 1476 scripsisse:
1607 1383 1662 1458 ὅτε
1684 1390 1721 1458 δὲ
1744 1382 1775 1476 (ὁ
1799 1385 1943 1478 κόσμος),
1967 1415 2065 1476 μενα-

192 1499 302 1590 poulo
324 1506 426 1587 (intr.)
449 1499 497 1582 είς
518 1494 556 1569 τὸ
580 1492 674 1588 ίφρόν
697 1499 752 1567 καὶ
778 1493 831 1588 τὴν
854 1498 1151 1588 ἐναπολειφθεῖσαν
1175 1492 1288 1587 ψυχήν,
1313 1492 1434 1586 τρόπον
1455 1491 1528 1564 τινὰ
1558 1493 1606 1576 εἷς
1636 1498 1731 1580 σῶμα
1761 1497 1818 1564 καὶ
1844 1491 1947 1586 ψυχὴν
1973 1495 2065 1581 μετέ-

192 1612 289 1696 βαλεν
312 1611 423 1694 (intr),
454 1603 536 1677 ὥστε
559 1599 746 1688 ermemirus
770 1604 806 1674 ἐν.
829 1601 957 1672 τρίτων.
1012 1608 1098 1672 inira
1125 1611 1231 1673 auteur
1254 1607 1331 1673 haec
1354 1609 1520 1688 leguntur:
1552 1595 1675 1682 ἄτοπος
1699 1591 1754 1670 οίν
1777 1601 1927 1692 φαίνεται
1995 1655 2002 1671 .
2019 1601 2066 1682 είς

194 1710 471 1807 &voluternensi
496 1705 609 1804 lior-rga
631 1708 842 1798 μεταβάλλων
865 1715 990 1798 (trans.)
1013 1706 1050 1780 τὸ
1074 1713 1227 1802 oriciorum
1249 1709 1346 1798 μέρος
1369 1711 1425 1800 τῆς
1447 1712 1504 1778 τοί·
1528 1705 1650 1794 κόσμου
1674 1710 1786 1798 φνχῇς.

353 1983 428 2065 Cap.
453 1981 623 2046 XXXXIV.
670 1979 883 2044 immortalem
908 1998 974 2044 esse
997 1979 1150 2044 mundum
1174 1980 1232 2042 etsi
1257 1982 1352 2060 negat
1376 1977 1584 2060 Chrysippus,
1617 1977 1698 2042 idem
1722 1981 1827 2042 tarnen
1852 1977 1942 2058 qrrasi
1966 1995 2067 2058 quan·

195 2092 265 2158 dam
289 2091 329 2154 ab
352 2088 485 2154 interitu
508 2087 744 2152 immunitatem
776 2087 926 2150 concedit.
984 2084 1174 2150 Perturbata
1205 2091 1311 2152 autem
1343 2104 1409 2150 esse
1441 2085 1603 2160 sidentur,
1634 2103 1714 2166 quae
1745 2083 1829 2166 apu'd
1860 2082 2065 2148 Plutarchum

193 2197 230 2261 de
254 2198 315 2261 hac
336 2214 370 2260 rs
393 2196 560 2276 leguntur:
591 2185 689 2256 αλονελ
721 2187 757 2255 δὲ
787 2185 835 2266 είς
857 2182 914 2277 τὴν
936 2182 1076 2276 ὥσπερ
1099 2179 1294 2276 ἀφθαρσίαν
1324 2183 1410 2256 recia<
1434 2215 1462 2255 rs
1487 2180 1574 2276 αίοῴ
1598 2193 1738 2275 σννεργεῖ
1761 2185 1817 2252 καὶ
1840 2177 1856 2273 ί,
1882 2185 1938 2276 τῆς
1960 2179 2067 2274 χώρας

193 2293 378 2388 κατάληψις
400 2288 493 2364 οἷον
515 2290 571 2364 διὰ
593 2289 630 2364 τὸ
654 2294 687 2362 ἐν
709 2294 798 2384 μέσῳ
821 2287 913 2362 alvos.
969 2299 1005 2364 ln
1037 2299 1116 2364 libro
1147 2298 1185 2362 de
1216 2298 1327 2362 deleat.
1358 2299 1474 2364 oracul.
1499 2299 1551 2374 28,
1583 2317 1643 2378 quo
1675 2298 1740 2360 loco
1773 2295 1819 2360 Pl.
1852 2295 1934 2360 idern
1966 2293 2065 2376 Chry·

192 2409 276 2490 sippi
299 2409 512 2472 commentum
534 2405 647 2470 iisdem
663 2405 860 2486 argumentis
876 2405 1053 2486 impugnat,
1077 2406 1153 2470 haec
1169 2409 1260 2470 sunt:
1286 2393 1343 2485 οίχ
1365 2395 1479 2490 ἥμενοι
1503 2391 1590 2490 ciani
1614 2397 1835 2486 συνείργεσθαι
1854 2401 1890 2482 ll)
1905 2391 1989 2484 πρὸς
2011 2391 2067 2485 τὴν

192 2504 425 2599 temporinam
457 2505 591 2576 οἱονεὶ
625 2499 828 2597 ἀφθαρσίαν.
877 2510 1007 2576 Videtur
1038 2517 1145 2576 autern
1168 2510 1282 2576 Stoicis
1315 2513 1361 2576 vel
1394 2511 1528 2576 rsraxime
1559 2511 1713 2592 placuisse
1743 2510 1871 2572 verbum
1896 2497 2065 2586 ὡσανεί,

194 2623 231 2684 ut
257 2619 394 2683 notionis
417 2619 551 2684 alienius
575 2617 638 2682 vim
661 2618 805 2682 leniendo
828 2621 1002 2682 everterent
1031 2617 1125 2682 simul
1158 2623 1189 2682 et
1219 2623 1434 2697 agnoscerent.
1472 2615 1518 2682 Cl.
1543 2617 1626 2682 Plnt.
1659 2617 1697 2682 ‹lc
1728 2617 1796 2680 soll.
1826 2615 1921 2682 anina
1953 2611 1983 2680 3.
2017 2617 2066 2678 14.

192 2717 224 2789 oi
254 2720 399 2810 λέγοντες
430 2722 484 2804 (=
515 2723 626 2804 Sisini)
657 2772 665 2786 .
691 2771 698 2787 .
724 2771 731 2786 .
757 2772 764 2786 .
795 2714 875 2809 μήτε
906 2721 1096 2804 &apotolico
1127 2716 1205 2808 μήτε
1235 2725 1413 2808 φοβεῖσθαι
1448 2773 1454 2788 .
1481 2773 1488 2788 .
1514 2773 1520 2787 .
1547 2773 1553 2788 .
1587 2713 1656 2786 ἀλλ’
1689 2713 1841 2786 ὡσανεὶ
1875 2717 2066 2802 θυμοῦσθαι

192 2822 247 2894 τὸν
277 2825 390 2895 Moero
420 2827 475 2894 καί
507 2813 661 2893 ὡσανεὶ
691 2832 870 2922 φοβεῖσθαι
903 2821 958 2892 τὸν
987 2823 1118 2915 ἔλαφον.
1166 2831 1254 2911 Diog.
1287 2831 1390 2895 Laert.
1423 2830 1489 2894 Vll.
1520 2832 1558 2896 ssl
1595 2835 1628 2894 st
1658 2827 1711 2894 Ar.
1745 2829 1867 2914 sisyn.
1898 2845 1947 2910 ap.
1967 2825 2066 2894 'saon

195 2937 260 3001 hcl.
285 2937 309 3000 l.
334 2956 363 3019 p.
388 2939 452 3002 332
477 2935 623 3016 (Dexogr.
647 2936 745 3000 Diels,
769 2954 799 3015 p.
823 2935 920 3018 472):
954 2927 993 2998 τὰ
1016 2927 1195 3020 ἐννοήματά
1218 2957 1300 3022 φασι
1322 2927 1402 3022 μήτε
1427 2927 1496 3000 τινὰ
1519 2925 1600 2999 alvus
1623 2926 1702 3022 μήτε
1725 2928 1824 3014 ποιά,
1852 2923 2006 2999 ὡσανεὶ
2030 2929 2067 2999 δέ

194 3067 266 3107 τινα
289 3039 344 3108 καὶ
368 3031 521 3107 ὡσανεὶ
545 3033 628 3105 ποιὰ
650 3032 867 3128 φαντάσματα
891 3039 1003 3126 φυχῆς.
1050 3041 1140 3122 Diog.
1164 3043 1265 3107 Laert.
1289 3042 1357 3118 Vll,
1382 3043 1441 3106 51:
1474 3040 1528 3106 καὶ
1559 3035 1716 3128 ἑμφοίσας
1746 3037 1780 3106 αἱ
1812 3031 1966 3106 ὡσανεὶ
1997 3029 2065 3106 iret

194 3137 401 3232 ὑπαρχόντων
416 3138 588 3231 γινόμεναι.
630 3146 811 3212 Scribamus
836 3149 933 3228 igitur
956 3149 1020 3212 sic:
1048 3136 1127 3210 Οἷον
1150 3149 1204 3226 (=
1221 3150 1318 3222 velint,
1343 3155 1378 3212 ut
1402 3149 1577 3230 exsmrplum
1602 3147 1742 3230 afferam)
1765 3141 1812 3223 είς
1833 3139 1890 3232 τὴν
1913 3136 2064 3212 ὡσανεὶ

195 3241 387 3340 ἀφθαρσίαν
410 3246 496 3317 orote<
519 3277 546 3318 rr
573 3243 660 3338 αίτρῑ
684 3258 823 3336 συνεργεῖ
846 3251 901 3316 καί
926 3244 941 3339 ί,
968 3251 1024 3339 τῆς
1046 3246 1152 3335 χώρας
1175 3246 1359 3340 nundinales
1383 3247 1438 3318 ori
1462 3245 1497 3317 τὸ
1521 3249 1554 3316 ἐν
1576 3249 1665 3336 μίσφ
1688 3243 1779 3317 siser.
1806 3289 1844 3298 -

355 3505 430 3588 Cap.
454 3507 624 3572 XXXXVI.
671 3509 822 3588 Disputat
845 3509 1037 3574 Plutarchus
1060 3509 1098 3572 de
1122 3510 1288 3590 Chrysippi
1313 3528 1384 3572 curu
1413 3509 1548 3572 Diodoro
1572 3507 1673 3572 Crono
1698 3507 1855 3588 Megarico
1880 3507 2064 3588 philosopho

194 3612 406 3676 contentione.
455 3611 531 3678 lluit
555 3613 611 3676 hoc
635 3616 791 3677 certamen
817 3613 854 3676 de
878 3613 1086 3680 famosissimo
1110 3615 1165 3680 illo
1188 3615 1388 3696 syllogismo,
1421 3616 1474 3696 qni
1498 3603 1516 3677 ὁ
1540 3605 1691 3698 κεριείων
1715 3619 1851 3690 vocatur,
1883 3613 1972 3678 ouius
1996 3631 2065 3680 sae·

194 3715 304 3782 vitiam
328 3735 384 3783 nec
408 3715 604 3800 Chrysippus
628 3717 763 3800 elingere
787 3719 907 3802 potnit,
941 3739 997 3785 neo
1020 3701 1123 3804 potest
1145 3721 1279 3802 effugere
1310 3739 1345 3786 ex
1377 3722 1493 3784 nostris
1524 3721 1720 3796 hominibus,
1753 3720 1895 3803 quisquis
1927 3719 1972 3784 nil
2004 3721 2063 3784 nisi

194 3823 406 3889 allicientibus
430 3823 533 3888 causis
558 3823 626 3888 fieri
649 3827 751 3906 putat.
787 3825 965 3905 Quaeritur,
991 3828 1143 3910 numquid
1167 3827 1210 3891 sit
1232 3826 1253 3890 o
1260 3817 1387 3892 ννατό
1394 3851 1420 3906 ν,
1445 3827 1471 3891 si
1495 3827 1598 3891 omnia
1622 3825 1686 3892 fato
1709 3827 1947 3900 contineantur:
1972 3831 2064 3908 negat

193 3930 358 4006 Diodorus,
382 3931 427 3994 ait
451 3931 564 3996 misere
588 3935 737 3996 aestuans
760 3933 967 4014 laboransque
991 3933 1193 4014 Chrysippus.
1252 3934 1347 3998 Ponit
1368 3952 1497 3998 causam
1520 3937 1594 3998 aute
1617 3934 1723 3998 oculos
1746 3931 1853 3998 Cicero
1878 3933 1916 3996 de
1939 3932 2004 3998 lato
2027 3936 2064 3998 6:

192 4037 343 4114 Mariae,
371 4035 551 4120 Cisrpsippe,
573 4036 629 4102 eoi
651 4039 689 4102 de
710 4039 765 4103 hoe
787 4041 855 4120 ipso
878 4059 947 4104 σανα
970 4037 1110 4105 Diodoro
1133 4044 1288 4104 οννοσνιεα
1310 4044 1362 4104 or.
1409 4038 1472 4104 iile
1498 4040 1581 4104 ersirn
1603 4039 1638 4104 λά
1659 4039 1759 4104 solisne
1778 4039 1850 4120 freni
1869 4058 1960 4120 posse
1981 4039 2066 4118 dicit,

191 4143 274 4227 qood
286 4147 341 4207 out
355 4143 397 4206 sit
412 4163 519 4207 νενανν
533 4147 588 4208 aar
600 4144 745 4225 sutorum
766 4146 808 4210 sit
830 4166 945 4222 verum,
967 4151 1004 4224 et,
1026 4146 1178 4228 quidquid
1196 4145 1339 4226 futurum
1362 4145 1413 4224 sit,
1436 4146 1470 4210 io
1491 4147 1566 4211 elicit
1585 4147 1657 4226 fieri
1680 4165 1801 4210 semmae
1823 4164 1895 4222 esse,
1918 4149 1955 4223 et,
1976 4145 2065 4227 quid-

192 4250 270 4333 qnid
290 4269 355 4314 noa
377 4250 419 4314 so
439 4248 592 4330 sectarunt,
614 4251 650 4316 io
670 4257 762 4335 negot
781 4253 854 4333 fieri
869 4273 971 4334 posse.
1019 4253 1067 4318 Ta
1089 4259 1117 4318 et
1139 4275 1218 4335 φασε
1239 4274 1305 4318 σον
1326 4253 1391 4318 sint
1411 4252 1530 4334 futura,
1550 4273 1641 4335 posse
1660 4253 1732 4334 lieri
1754 4251 1842 4329 dieis,
1865 4256 1899 4315 or
1920 4253 2066 4335 frangi

192 4357 296 4422 horse
318 4376 516 4440 penemeos,
538 4358 661 4423 ελίαννεί
682 4358 718 4422 id
738 4378 900 4442 οαοοαανι
921 4359 1066 4440 froimont
1087 4361 1141 4438 sit,
1164 4381 1263 4444 aeque
1286 4371 1408 4425 trecesse
1427 4360 1527 4441 Ιλνίεεε
1554 4357 1768 4443 Cypselum
1791 4379 1967 4442 regnare
1994 4357 2065 4424 Oo-

193 4464 348 4542 riores,
379 4483 569 4545 quousquooe
591 4465 626 4528 iot
646 4463 810 4530 utilissimo
833 4471 906 4531 acte
928 4487 1013 4532 oneo
1043 4465 1207 4548 Αμολλὶνίε
1236 4466 1362 4532 oremale
1393 4466 1509 4531 alitum
1538 4471 1622 4531 esset.
1668 4465 1766 4530 Plura
1797 4467 1879 4547 apud
1911 4466 2064 4530 'bellarum

192 4569 316 4635 od.111.
339 4574 414 4634 tom.
438 4569 498 4633 lla.
522 4589 552 4652 p.
575 4568 639 4635 230
663 4573 696 4634 et
719 4571 766 4636 ed.
791 4571 831 4635 ll.
857 4577 931 4636 tom
956 4571 1032 4636 Illa.
1057 4591 1108 4654 pg.
1132 4575 1185 4648 98,
1214 4575 1240 4638 l.
1276 4573 1464 4638 Plutarchus
1488 4577 1593 4638 aretem
1625 4573 1700 4636 duan
1724 4573 1763 4637 ad
1788 4573 1915 4637 Diodori
1939 4575 2065 4637 senten·

192 4677 272 4741 tiam
296 4693 329 4740 se
353 4677 500 4758 applicat,
525 4696 585 4740 non
613 4677 734 4742 videtur
757 4678 935 4759 scripsisse:
959 4667 978 4763 ἢ
1001 4671 1192 4763 εἱμαρμένης
1215 4670 1350 4760 δύναμιν
1372 4667 1552 4742 ἀπόλλυσιν
1574 4679 1628 4742 sed
1652 4679 1745 4743 haec:
1771 4668 1790 4766 i:
1812 4674 1986 4764 εἱμαρμένη
2009 4669 2066 4740 τίν

194 4773 329 4864 δύναμιν
352 4769 540 4848 ἀπόλλυσιν.
579 4783 616 4849 ln
640 4784 738 4848 simili
753 4785 935 4850 dilemmate
958 4785 1042 4850 enim
1065 4785 1149 4850 infra
1170 4789 1275 4850 exstat
1298 4771 1345 4868 ep.
1369 4786 1420 4850 47.
1446 4787 1482 4849 l:
1510 4777 1770 4872 προκαταρκτικὴι
1794 4783 1830 4850 δὲ
1854 4775 1885 4871 (ν)
1910 4778 2015 4866 αἰτία)
2031 4831 2065 4849 ..

193 4882 231 4954 τὸ
255 4879 418 4966 ἆκοίλιτος
440 4877 522 4954 εἶναι
546 4879 733 4956 ἀπόλλυσιν.

1857 5009 1891 5062 2⁸
