<?xml version="1.0" encoding="UTF-8"?>
<!DOCTYPE html PUBLIC "-//W3C//DTD XHTML 1.0 Transitional//EN"
    "http://www.w3.org/TR/xhtml1/DTD/xhtml1-transitional.dtd">
<html xmlns="http://www.w3.org/1999/xhtml" xml:lang="en" lang="en">
 <head>
  <title>
</title>
<meta http-equiv="Content-Type" content="text/html;charset=utf-8" />
  <meta name='ocr-system' content='tesseract 3.04.00' />
  <meta name='ocr-capabilities' content='ocr_page ocr_carea ocr_par ocr_line ocrx_word'/>
</head>
<body>
  <div class='ocr_page' id='page_1' title='image "./inplutarchilibr00rasmgoog_0015.png"; bbox 0 0 4718 5604; ppageno 0'>
   <div class='ocr_carea' id='block_1_1' title="bbox 1134 405 1328 468">
    <p class='ocr_par' dir='ltr' id='par_1_1' title="bbox 1134 405 1328 468">
     <span class='ocr_line' id='line_1_1' title="bbox 1134 405 1328 468; baseline 0.01 -21"><span class='ocrx_word' id='word_1_1' title='bbox 1134 405 1328 468; x_wconf 83' lang='lat' dir='ltr'>-g..</span> 
     </span>
    </p>
   </div>
   <div class='ocr_carea' id='block_1_2' title="bbox 292 612 2171 2504">
    <p class='ocr_par' dir='ltr' id='par_1_2' title="bbox 292 612 2171 2504">
     <span class='ocr_line' id='line_1_2' title="bbox 292 612 2169 700; baseline -0.001 -14"><span class='ocrx_word' id='word_1_2' title='bbox 292 616 429 686; x_wconf 80' lang='lat' dir='ltr'>musculo</span> <span class='ocrx_word' id='word_1_3' title='bbox 456 617 505 684; x_wconf 77' lang='lat' dir='ltr'>eo</span> <span class='ocrx_word' id='word_1_4' title='bbox 532 621 608 684; x_wconf 78' lang='lat' dir='ltr'>auto</span> <span class='ocrx_word' id='word_1_5' title='bbox 635 615 757 699; x_wconf 67' lang='lat' dir='ltr'>tramea</span> <span class='ocrx_word' id='word_1_6' title='bbox 784 618 907 682; x_wconf 74' lang='grc' dir='ltr'><strong><em>λακλυυι</em></strong></span> <span class='ocrx_word' id='word_1_7' title='bbox 935 615 1170 698; x_wconf 66' lang='lat' dir='ltr'><strong><em>consequentiae</em></strong></span> <span class='ocrx_word' id='word_1_8' title='bbox 1198 635 1295 682; x_wconf 84' lang='lat' dir='ltr'>cuasa</span> <span class='ocrx_word' id='word_1_9' title='bbox 1323 614 1433 680; x_wconf 84' lang='lat' dir='ltr'>addita</span> <span class='ocrx_word' id='word_1_10' title='bbox 1461 617 1514 680; x_wconf 83' lang='lat' dir='ltr'>est.</span> <span class='ocrx_word' id='word_1_11' title='bbox 1558 612 1646 695; x_wconf 81' lang='lat' dir='ltr'>Quae</span> <span class='ocrx_word' id='word_1_12' title='bbox 1676 615 1812 680; x_wconf 87' lang='lat' dir='ltr'>manime</span> <span class='ocrx_word' id='word_1_13' title='bbox 1842 615 1957 700; x_wconf 78' lang='lat' dir='ltr'><strong>frigere</strong></span> <span class='ocrx_word' id='word_1_14' title='bbox 1979 623 2066 686; x_wconf 87' lang='lat' dir='ltr'>ratus</span> <span class='ocrx_word' id='word_1_15' title='bbox 2089 618 2169 684; x_wconf 90' lang='lat' dir='ltr'>Ber·</span> 
     </span>
     <span class='ocr_line' id='line_1_3' title="bbox 292 707 2168 812; baseline -0.001 -23"><span class='ocrx_word' id='word_1_16' title='bbox 292 723 442 792; x_wconf 74' lang='lat' dir='ltr'>nudans</span> <span class='ocrx_word' id='word_1_17' title='bbox 463 724 663 791; x_wconf 87' lang='lat' dir='ltr'>scribendum</span> <span class='ocrx_word' id='word_1_18' title='bbox 686 725 795 805; x_wconf 88' lang='lat' dir='ltr'>putat:</span> <span class='ocrx_word' id='word_1_19' title='bbox 826 719 873 806; x_wconf 77' lang='grc' dir='ltr'>τῷ</span> <span class='ocrx_word' id='word_1_20' title='bbox 902 712 963 806; x_wconf 78' lang='grc' dir='ltr'>γὰρ</span> <span class='ocrx_word' id='word_1_21' title='bbox 994 708 1100 807; x_wconf 82' lang='grc' dir='ltr'><strong><em>ίίρρενι</em></strong></span> <span class='ocrx_word' id='word_1_22' title='bbox 1127 717 1284 806; x_wconf 73' lang='grc' dir='ltr'>γενομένῳ</span> <span class='ocrx_word' id='word_1_23' title='bbox 1306 711 1409 798; x_wconf 71' lang='grc' dir='ltr'><strong><em>οὕτως</em></strong></span> <span class='ocrx_word' id='word_1_24' title='bbox 1432 707 1450 805; x_wconf 73' lang='lat' dir='ltr'>r‘p</span> <span class='ocrx_word' id='word_1_25' title='bbox 1474 711 1593 806; x_wconf 74' lang='grc' dir='ltr'><strong><em>θήλεια</em></strong></span> <span class='ocrx_word' id='word_1_26' title='bbox 1616 707 1675 784; x_wconf 76' lang='grc' dir='ltr'>οὐκ</span> <span class='ocrx_word' id='word_1_27' title='bbox 1697 711 1736 784; x_wconf 77' lang='lat' dir='ltr'>dr</span> <span class='ocrx_word' id='word_1_28' title='bbox 1758 708 1987 812; x_wconf 70' lang='grc' dir='ltr'><strong><em>ἠκολούθησεν,</em></strong></span> <span class='ocrx_word' id='word_1_29' title='bbox 2011 725 2168 807; x_wconf 83' lang='lat' dir='ltr'>quomodo</span> 
     </span>
     <span class='ocr_line' id='line_1_4' title="bbox 293 827 2167 914; baseline 0.002 -20"><span class='ocrx_word' id='word_1_30' title='bbox 293 829 397 898; x_wconf 92' lang='lat' dir='ltr'>locum</span> <span class='ocrx_word' id='word_1_31' title='bbox 428 830 495 912; x_wconf 91' lang='lat' dir='ltr'>ipse</span> <span class='ocrx_word' id='word_1_32' title='bbox 526 829 662 914; x_wconf 74' lang='lat' dir='ltr'>explicet</span> <span class='ocrx_word' id='word_1_33' title='bbox 691 845 756 892; x_wconf 91' lang='lat' dir='ltr'>non</span> <span class='ocrx_word' id='word_1_34' title='bbox 785 828 934 892; x_wconf 78' lang='lat' dir='ltr'>adiciens.</span> <span class='ocrx_word' id='word_1_35' title='bbox 980 827 1063 893; x_wconf 92' lang='lat' dir='ltr'>Illud</span> <span class='ocrx_word' id='word_1_36' title='bbox 1094 845 1186 892; x_wconf 91' lang='lat' dir='ltr'>nemo</span> <span class='ocrx_word' id='word_1_37' title='bbox 1216 829 1351 910; x_wconf 81' lang='lat' dir='ltr'>ignorat,</span> <span class='ocrx_word' id='word_1_38' title='bbox 1382 828 1415 892; x_wconf 92' lang='lat' dir='ltr'>in</span> <span class='ocrx_word' id='word_1_39' title='bbox 1441 827 1621 910; x_wconf 79' lang='lat' dir='ltr'>pavonibus</span> <span class='ocrx_word' id='word_1_40' title='bbox 1652 827 1843 899; x_wconf 82' lang='lat' dir='ltr'>feminarum</span> <span class='ocrx_word' id='word_1_41' title='bbox 1874 829 1991 896; x_wconf 88' lang='lat' dir='ltr'>caudas</span> <span class='ocrx_word' id='word_1_42' title='bbox 2013 850 2079 898; x_wconf 87' lang='lat' dir='ltr'>nou</span> <span class='ocrx_word' id='word_1_43' title='bbox 2100 835 2167 898; x_wconf 70' lang='lat' dir='ltr'>mm</span> 
     </span>
     <span class='ocr_line' id='line_1_5' title="bbox 294 931 2166 1018; baseline 0.001 -18"><span class='ocrx_word' id='word_1_44' title='bbox 294 937 390 1002; x_wconf 82' lang='lat' dir='ltr'>variis</span> <span class='ocrx_word' id='word_1_45' title='bbox 420 937 576 1002; x_wconf 89' lang='lat' dir='ltr'>coloribus</span> <span class='ocrx_word' id='word_1_46' title='bbox 606 953 701 1018; x_wconf 90' lang='lat' dir='ltr'>quam</span> <span class='ocrx_word' id='word_1_47' title='bbox 731 935 867 1000; x_wconf 90' lang='lat' dir='ltr'>marium</span> <span class='ocrx_word' id='word_1_48' title='bbox 899 952 965 998; x_wconf 89' lang='lat' dir='ltr'>esse</span> <span class='ocrx_word' id='word_1_49' title='bbox 996 933 1173 1000; x_wconf 89' lang='lat' dir='ltr'>distinctas.</span> <span class='ocrx_word' id='word_1_50' title='bbox 1221 933 1392 1016; x_wconf 75' lang='lat' dir='ltr'>Quaeritur</span> <span class='ocrx_word' id='word_1_51' title='bbox 1422 937 1538 1011; x_wconf 74' lang='lat' dir='ltr'>autem</span> <span class='ocrx_word' id='word_1_52' title='bbox 1569 931 1645 1016; x_wconf 86' lang='lat' dir='ltr'>qnid</span> <span class='ocrx_word' id='word_1_53' title='bbox 1676 933 1738 998; x_wconf 91' lang='lat' dir='ltr'>sibi</span> <span class='ocrx_word' id='word_1_54' title='bbox 1766 933 1914 1002; x_wconf 88' lang='lat' dir='ltr'>hocloco</span> <span class='ocrx_word' id='word_1_55' title='bbox 1938 936 2166 1004; x_wconf 74' lang='lat' dir='ltr'>ceutronum</span> 
     </span>
     <span class='ocr_line' id='line_1_6' title="bbox 295 1027 2167 1124; baseline 0.001 -20"><span class='ocrx_word' id='word_1_56' title='bbox 295 1027 565 1106; x_wconf 79' lang='grc' dir='ltr'><strong><em>ἀκολουθεῖν.</em></strong></span> <span class='ocrx_word' id='word_1_57' title='bbox 611 1039 663 1106; x_wconf 80' lang='lat' dir='ltr'>hn</span> <span class='ocrx_word' id='word_1_58' title='bbox 695 1040 922 1121; x_wconf 79' lang='lat' dir='ltr'>elegantissimi</span> <span class='ocrx_word' id='word_1_59' title='bbox 953 1043 1083 1106; x_wconf 90' lang='lat' dir='ltr'>ornatus</span> <span class='ocrx_word' id='word_1_60' title='bbox 1113 1039 1322 1106; x_wconf 81' lang='lat' dir='ltr'>admiratione</span> <span class='ocrx_word' id='word_1_61' title='bbox 1352 1044 1460 1124; x_wconf 83' lang='lat' dir='ltr'>captae</span> <span class='ocrx_word' id='word_1_62' title='bbox 1490 1037 1627 1106; x_wconf 79' lang='lat' dir='ltr'>feminae</span> <span class='ocrx_word' id='word_1_63' title='bbox 1658 1039 1833 1122; x_wconf 86' lang='lat' dir='ltr'>cupiditate</span> <span class='ocrx_word' id='word_1_64' title='bbox 1864 1040 2035 1122; x_wconf 66' lang='lat' dir='ltr'>dementes</span> <span class='ocrx_word' id='word_1_65' title='bbox 2064 1059 2167 1112; x_wconf 83' lang='lat' dir='ltr'>mares</span> 
     </span>
     <span class='ocr_line' id='line_1_7' title="bbox 295 1143 2166 1232; baseline 0.001 -20"><span class='ocrx_word' id='word_1_66' title='bbox 295 1149 410 1231; x_wconf 85' lang='lat' dir='ltr'>sequi</span> <span class='ocrx_word' id='word_1_67' title='bbox 433 1147 597 1224; x_wconf 84' lang='lat' dir='ltr'>videntur,</span> <span class='ocrx_word' id='word_1_68' title='bbox 630 1151 668 1210; x_wconf 87' lang='lat' dir='ltr'>ut</span> <span class='ocrx_word' id='word_1_69' title='bbox 690 1147 876 1212; x_wconf 75' lang='lat' dir='ltr'>decantatae</span> <span class='ocrx_word' id='word_1_70' title='bbox 899 1165 919 1212; x_wconf 89' lang='lat' dir='ltr'>a</span> <span class='ocrx_word' id='word_1_71' title='bbox 940 1147 1133 1212; x_wconf 82' lang='lat' dir='ltr'>nostratibus</span> <span class='ocrx_word' id='word_1_72' title='bbox 1156 1146 1195 1212; x_wconf 92' lang='lat' dir='ltr'>de</span> <span class='ocrx_word' id='word_1_73' title='bbox 1218 1147 1347 1224; x_wconf 85' lang='lat' dir='ltr'>seruoli,</span> <span class='ocrx_word' id='word_1_74' title='bbox 1371 1149 1408 1212; x_wconf 90' lang='lat' dir='ltr'>ut</span> <span class='ocrx_word' id='word_1_75' title='bbox 1430 1147 1529 1223; x_wconf 79' lang='lat' dir='ltr'>aiunt</span> <span class='ocrx_word' id='word_1_76' title='bbox 1546 1145 1716 1211; x_wconf 89' lang='lat' dir='ltr'>selectione</span> <span class='ocrx_word' id='word_1_77' title='bbox 1731 1143 1895 1212; x_wconf 86' lang='lat' dir='ltr'>doctrinae</span> <span class='ocrx_word' id='word_1_78' title='bbox 1909 1149 2012 1232; x_wconf 87' lang='lat' dir='ltr'>prima</span> <span class='ocrx_word' id='word_1_79' title='bbox 2026 1148 2084 1214; x_wconf 89' lang='lat' dir='ltr'>hoc</span> <span class='ocrx_word' id='word_1_80' title='bbox 2099 1149 2166 1212; x_wconf 89' lang='lat' dir='ltr'>loco</span> 
     </span>
     <span class='ocr_line' id='line_1_8' title="bbox 295 1251 2167 1336; baseline -0.001 -18"><span class='ocrx_word' id='word_1_81' title='bbox 295 1255 386 1336; x_wconf 90' lang='lat' dir='ltr'>quasi</span> <span class='ocrx_word' id='word_1_82' title='bbox 409 1253 531 1320; x_wconf 87' lang='lat' dir='ltr'>semina</span> <span class='ocrx_word' id='word_1_83' title='bbox 553 1269 700 1336; x_wconf 87' lang='lat' dir='ltr'>apparere</span> <span class='ocrx_word' id='word_1_84' title='bbox 723 1256 896 1336; x_wconf 79' lang='lat' dir='ltr'>putemus?</span> <span class='ocrx_word' id='word_1_85' title='bbox 942 1253 1042 1318; x_wconf 91' lang='lat' dir='ltr'>Immo</span> <span class='ocrx_word' id='word_1_86' title='bbox 1066 1251 1243 1318; x_wconf 85' lang='lat' dir='ltr'>Stoicomm</span> <span class='ocrx_word' id='word_1_87' title='bbox 1267 1253 1405 1334; x_wconf 90' lang='lat' dir='ltr'>ipsorum</span> <span class='ocrx_word' id='word_1_88' title='bbox 1429 1253 1463 1316; x_wconf 91' lang='lat' dir='ltr'>in</span> <span class='ocrx_word' id='word_1_89' title='bbox 1485 1253 1544 1316; x_wconf 89' lang='lat' dir='ltr'>hac</span> <span class='ocrx_word' id='word_1_90' title='bbox 1567 1269 1641 1316; x_wconf 86' lang='lat' dir='ltr'>voce</span> <span class='ocrx_word' id='word_1_91' title='bbox 1664 1252 1783 1316; x_wconf 86' lang='lat' dir='ltr'>utenda</span> <span class='ocrx_word' id='word_1_92' title='bbox 1797 1272 1865 1317; x_wconf 91' lang='lat' dir='ltr'>mos</span> <span class='ocrx_word' id='word_1_93' title='bbox 1881 1259 1932 1318; x_wconf 89' lang='lat' dir='ltr'>est</span> <span class='ocrx_word' id='word_1_94' title='bbox 1945 1253 2167 1318; x_wconf 86' lang='lat' dir='ltr'>observandus.</span> 
     </span>
     <span class='ocr_line' id='line_1_9' title="bbox 297 1358 2167 1442; baseline 0 -18"><span class='ocrx_word' id='word_1_95' title='bbox 297 1359 488 1442; x_wconf 86' lang='lat' dir='ltr'>Significant</span> <span class='ocrx_word' id='word_1_96' title='bbox 510 1361 617 1424; x_wconf 90' lang='lat' dir='ltr'>autem</span> <span class='ocrx_word' id='word_1_97' title='bbox 639 1359 698 1424; x_wconf 90' lang='lat' dir='ltr'>hoe</span> <span class='ocrx_word' id='word_1_98' title='bbox 720 1360 872 1424; x_wconf 88' lang='lat' dir='ltr'>vocabulo</span> <span class='ocrx_word' id='word_1_99' title='bbox 895 1359 995 1423; x_wconf 88' lang='lat' dir='ltr'>totius</span> <span class='ocrx_word' id='word_1_100' title='bbox 1018 1378 1122 1424; x_wconf 88' lang='lat' dir='ltr'>rerum</span> <span class='ocrx_word' id='word_1_101' title='bbox 1144 1363 1276 1424; x_wconf 87' lang='lat' dir='ltr'>naturae</span> <span class='ocrx_word' id='word_1_102' title='bbox 1300 1358 1531 1423; x_wconf 86' lang='lat' dir='ltr'>cohaerentiam</span> <span class='ocrx_word' id='word_1_103' title='bbox 1555 1361 1587 1421; x_wconf 89' lang='lat' dir='ltr'>et</span> <span class='ocrx_word' id='word_1_104' title='bbox 1609 1375 1793 1440; x_wconf 84' lang='lat' dir='ltr'>compagem</span> <span class='ocrx_word' id='word_1_105' title='bbox 1820 1360 1986 1442; x_wconf 86' lang='lat' dir='ltr'>ipsumque</span> <span class='ocrx_word' id='word_1_106' title='bbox 2010 1359 2167 1425; x_wconf 85' lang='lat' dir='ltr'>interdum</span> 
     </span>
     <span class='ocr_line' id='line_1_10' title="bbox 295 1451 2170 1550; baseline -0.002 -20"><span class='ocrx_word' id='word_1_107' title='bbox 295 1465 399 1531; x_wconf 81' lang='lat' dir='ltr'>fatum</span> <span class='ocrx_word' id='word_1_108' title='bbox 421 1464 475 1546; x_wconf 80' lang='lat' dir='ltr'>(cs.</span> <span class='ocrx_word' id='word_1_109' title='bbox 500 1464 666 1548; x_wconf 77' lang='lat' dir='ltr'>Chrysipp.</span> <span class='ocrx_word' id='word_1_110' title='bbox 689 1484 737 1548; x_wconf 81' lang='lat' dir='ltr'>ep.</span> <span class='ocrx_word' id='word_1_111' title='bbox 762 1464 842 1532; x_wconf 77' lang='lat' dir='ltr'>Geli</span> <span class='ocrx_word' id='word_1_112' title='bbox 866 1463 935 1530; x_wconf 91' lang='lat' dir='ltr'>VII.</span> <span class='ocrx_word' id='word_1_113' title='bbox 960 1468 990 1530; x_wconf 88' lang='grc'>2.</span> <span class='ocrx_word' id='word_1_114' title='bbox 1015 1468 1046 1536; x_wconf 84' lang='grc'>3.</span> <span class='ocrx_word' id='word_1_115' title='bbox 1069 1459 1260 1550; x_wconf 70' lang='grc' dir='ltr'><strong><em>εἱμαρμένην</em></strong></span> <span class='ocrx_word' id='word_1_116' title='bbox 1282 1454 1365 1528; x_wconf 79' lang='grc' dir='ltr'><strong><em>τίνοι</em></strong></span> <span class='ocrx_word' id='word_1_117' title='bbox 1388 1455 1525 1550; x_wconf 80' lang='grc' dir='ltr'><strong><em>φυσικήν</em></strong></span> <span class='ocrx_word' id='word_1_118' title='bbox 1546 1485 1619 1526; x_wconf 83' lang='grc' dir='ltr'><strong><em>τινα</em></strong></span> <span class='ocrx_word' id='word_1_119' title='bbox 1642 1454 1790 1540; x_wconf 83' lang='grc' dir='ltr'><strong><em>σύνταξιν</em></strong></span> <span class='ocrx_word' id='word_1_120' title='bbox 1811 1461 1876 1527; x_wconf 85' lang='grc' dir='ltr'><strong><em>τῶν</em></strong></span> <span class='ocrx_word' id='word_1_121' title='bbox 1894 1455 1980 1536; x_wconf 77' lang='grc' dir='ltr'><strong><em>ὅλων</em></strong></span> <span class='ocrx_word' id='word_1_122' title='bbox 2002 1459 2039 1542; x_wconf 75' lang='grc' dir='ltr'>ἐξ</span> <span class='ocrx_word' id='word_1_123' title='bbox 2059 1451 2170 1528; x_wconf 76' lang='grc' dir='ltr'><strong><em>ἀϊδίου</em></strong></span> 
     </span>
     <span class='ocr_line' id='line_1_11' title="bbox 294 1563 2170 1656; baseline -0.001 -21"><span class='ocrx_word' id='word_1_124' title='bbox 294 1569 360 1636; x_wconf 78' lang='grc' dir='ltr'><strong><em>τῶν</em></strong></span> <span class='ocrx_word' id='word_1_125' title='bbox 388 1564 505 1656; x_wconf 75' lang='grc' dir='ltr'><strong><em>ἑτέρων</em></strong></span> <span class='ocrx_word' id='word_1_126' title='bbox 526 1572 597 1646; x_wconf 84' lang='grc' dir='ltr'><strong><em>τοῖς</em></strong></span> <span class='ocrx_word' id='word_1_127' title='bbox 630 1563 751 1655; x_wconf 74' lang='grc' dir='ltr'><strong><em>ἑτέροις</em></strong></span> <span class='ocrx_word' id='word_1_128' title='bbox 785 1563 1227 1652; x_wconf 77' lang='grc' dir='ltr'><strong><em>ἐπακολουθούντων),</em></strong></span> <span class='ocrx_word' id='word_1_129' title='bbox 1262 1573 1356 1652; x_wconf 88' lang='lat' dir='ltr'>atque</span> <span class='ocrx_word' id='word_1_130' title='bbox 1386 1571 1481 1636; x_wconf 89' lang='lat' dir='ltr'>ctiam</span> <span class='ocrx_word' id='word_1_131' title='bbox 1515 1569 1721 1646; x_wconf 81' lang='lat' dir='ltr'>incommoda,</span> <span class='ocrx_word' id='word_1_132' title='bbox 1754 1587 1834 1652; x_wconf 88' lang='lat' dir='ltr'>quae</span> <span class='ocrx_word' id='word_1_133' title='bbox 1868 1569 1961 1633; x_wconf 89' lang='lat' dir='ltr'>rebus</span> <span class='ocrx_word' id='word_1_134' title='bbox 1995 1569 2170 1652; x_wconf 83' lang='lat' dir='ltr'>aptissimis</span> 
     </span>
     <span class='ocr_line' id='line_1_12' title="bbox 296 1666 2169 1762; baseline -0.003 -20"><span class='ocrx_word' id='word_1_135' title='bbox 296 1678 434 1758; x_wconf 88' lang='lat' dir='ltr'>adgnata</span> <span class='ocrx_word' id='word_1_136' title='bbox 455 1675 660 1754; x_wconf 71' lang='lat' dir='ltr'>cohaereant,</span> <span class='ocrx_word' id='word_1_137' title='bbox 688 1675 1072 1758; x_wconf 55' lang='lat' dir='ltr'>disrumperemus</span> <span class='ocrx_word' id='word_1_138' title='bbox 1094 1677 1245 1758; x_wconf 73' lang='lat' dir='ltr'>qaaedma</span> <span class='ocrx_word' id='word_1_139' title='bbox 1270 1676 1466 1742; x_wconf 71' lang='lat' dir='ltr'>messoriae</span> <span class='ocrx_word' id='word_1_140' title='bbox 1492 1675 1580 1756; x_wconf 82' lang='lat' dir='ltr'>foeta</span> <span class='ocrx_word' id='word_1_141' title='bbox 1606 1695 1671 1740; x_wconf 85' lang='lat' dir='ltr'>esse</span> <span class='ocrx_word' id='word_1_142' title='bbox 1698 1674 1747 1740; x_wconf 80' lang='lat' dir='ltr'>oet</span> <span class='ocrx_word' id='word_1_143' title='bbox 1768 1666 1874 1738; x_wconf 83' lang='grc' dir='ltr'><strong><em>κατὰ</em></strong></span> <span class='ocrx_word' id='word_1_144' title='bbox 1900 1666 2169 1762; x_wconf 73' lang='grc' dir='ltr'><strong><em>παρακολού-</em></strong></span> 
     </span>
     <span class='ocr_line' id='line_1_13' title="bbox 296 1779 2167 1870; baseline 0 -24"><span class='ocrx_word' id='word_1_145' title='bbox 296 1780 638 1870; x_wconf 78' lang='grc' dir='ltr'>θηυιν((1ι11.1111.</span> <span class='ocrx_word' id='word_1_146' title='bbox 664 1784 693 1848; x_wconf 93' lang='lat' dir='ltr'>l.</span> <span class='ocrx_word' id='word_1_147' title='bbox 717 1781 762 1864; x_wconf 83' lang='lat'>9).</span> <span class='ocrx_word' id='word_1_148' title='bbox 809 1779 863 1847; x_wconf 85' lang='lat' dir='ltr'>Sic</span> <span class='ocrx_word' id='word_1_149' title='bbox 885 1783 1059 1864; x_wconf 82' lang='lat' dir='ltr'>elegantiae</span> <span class='ocrx_word' id='word_1_150' title='bbox 1082 1801 1178 1848; x_wconf 90' lang='lat' dir='ltr'>causa</span> <span class='ocrx_word' id='word_1_151' title='bbox 1199 1785 1314 1848; x_wconf 87' lang='lat' dir='ltr'>natura</span> <span class='ocrx_word' id='word_1_152' title='bbox 1336 1783 1368 1848; x_wconf 92' lang='lat' dir='ltr'>id</span> <span class='ocrx_word' id='word_1_153' title='bbox 1390 1781 1481 1848; x_wconf 90' lang='lat' dir='ltr'>modo</span> <span class='ocrx_word' id='word_1_154' title='bbox 1504 1781 1589 1862; x_wconf 81' lang='lat' dir='ltr'>egit,</span> <span class='ocrx_word' id='word_1_155' title='bbox 1612 1800 1633 1845; x_wconf 89' lang='lat' dir='ltr'>u</span> <span class='ocrx_word' id='word_1_156' title='bbox 1671 1799 1802 1846; x_wconf 91' lang='lat' dir='ltr'>mares</span> <span class='ocrx_word' id='word_1_157' title='bbox 1825 1799 1962 1864; x_wconf 85' lang='lat' dir='ltr'>pavones</span> <span class='ocrx_word' id='word_1_158' title='bbox 1982 1783 2167 1864; x_wconf 85' lang='lat' dir='ltr'>procrearet,</span> 
     </span>
     <span class='ocr_line' id='line_1_14' title="bbox 296 1885 2169 1971; baseline -0.001 -17"><span class='ocrx_word' id='word_1_159' title='bbox 296 1889 477 1955; x_wconf 88' lang='lat' dir='ltr'>bisantem</span> <span class='ocrx_word' id='word_1_160' title='bbox 502 1923 541 1932; x_wconf 95' lang='lat'>-</span> <span class='ocrx_word' id='word_1_161' title='bbox 565 1905 605 1952; x_wconf 89' lang='lat' dir='ltr'>nc</span> <span class='ocrx_word' id='word_1_162' title='bbox 628 1906 728 1970; x_wconf 90' lang='lat' dir='ltr'>genus</span> <span class='ocrx_word' id='word_1_163' title='bbox 751 1888 847 1952; x_wconf 92' lang='lat' dir='ltr'>semel</span> <span class='ocrx_word' id='word_1_164' title='bbox 871 1892 1011 1954; x_wconf 90' lang='lat' dir='ltr'>creatum</span> <span class='ocrx_word' id='word_1_165' title='bbox 1026 1889 1172 1954; x_wconf 89' lang='lat' dir='ltr'>interiret</span> <span class='ocrx_word' id='word_1_166' title='bbox 1188 1925 1226 1933; x_wconf 79' lang='lat'><em>-</em></span> <span class='ocrx_word' id='word_1_167' title='bbox 1245 1889 1484 1970; x_wconf 86' lang='lat' dir='ltr'>consequentiae</span> <span class='ocrx_word' id='word_1_168' title='bbox 1507 1888 1575 1968; x_wconf 90' lang='lat' dir='ltr'>lege</span> <span class='ocrx_word' id='word_1_169' title='bbox 1598 1885 1615 1950; x_wconf 85' lang='grc'><strong>1</strong></span> <span class='ocrx_word' id='word_1_170' title='bbox 1619 1887 1776 1952; x_wconf 89' lang='lat' dir='ltr'>eminas</span> <span class='ocrx_word' id='word_1_171' title='bbox 1800 1887 1872 1952; x_wconf 92' lang='lat' dir='ltr'>illas</span> <span class='ocrx_word' id='word_1_172' title='bbox 1895 1889 2039 1970; x_wconf 84' lang='lat' dir='ltr'>quamvis</span> <span class='ocrx_word' id='word_1_173' title='bbox 2061 1891 2169 1971; x_wconf 88' lang='lat' dir='ltr'>turpes</span> 
     </span>
     <span class='ocr_line' id='line_1_15' title="bbox 298 1993 2168 2078; baseline 0.001 -18"><span class='ocrx_word' id='word_1_174' title='bbox 298 1993 411 2060; x_wconf 85' lang='lat' dir='ltr'>addere</span> <span class='ocrx_word' id='word_1_175' title='bbox 443 1997 551 2060; x_wconf 88' lang='lat' dir='ltr'>coacta</span> <span class='ocrx_word' id='word_1_176' title='bbox 581 1997 639 2061; x_wconf 88' lang='lat' dir='ltr'>est.</span> <span class='ocrx_word' id='word_1_177' title='bbox 685 1993 772 2058; x_wconf 87' lang='lat' dir='ltr'>Haec</span> <span class='ocrx_word' id='word_1_178' title='bbox 802 1993 828 2057; x_wconf 91' lang='lat' dir='ltr'>si</span> <span class='ocrx_word' id='word_1_179' title='bbox 860 1997 944 2058; x_wconf 90' lang='lat' dir='ltr'>recte</span> <span class='ocrx_word' id='word_1_180' title='bbox 974 2013 1007 2058; x_wconf 91' lang='lat' dir='ltr'>se</span> <span class='ocrx_word' id='word_1_181' title='bbox 1037 1995 1164 2070; x_wconf 84' lang='lat' dir='ltr'>habent,</span> <span class='ocrx_word' id='word_1_182' title='bbox 1194 1994 1327 2078; x_wconf 87' lang='lat' dir='ltr'>probata</span> <span class='ocrx_word' id='word_1_183' title='bbox 1348 1993 1586 2074; x_wconf 82' lang='lat' dir='ltr'>wyttenbachii</span> <span class='ocrx_word' id='word_1_184' title='bbox 1617 1993 1878 2074; x_wconf 89' lang='lat' dir='ltr'>interpretatione</span> <span class='ocrx_word' id='word_1_185' title='bbox 1908 1995 1954 2058; x_wconf 87' lang='lat' dir='ltr'>sic</span> <span class='ocrx_word' id='word_1_186' title='bbox 1976 1995 2168 2061; x_wconf 86' lang='lat' dir='ltr'>scribamus:</span> 
     </span>
     <span class='ocr_line' id='line_1_16' title="bbox 296 2085 2171 2187; baseline 0.001 -21"><span class='ocrx_word' id='word_1_187' title='bbox 296 2097 351 2186; x_wconf 78' lang='grc' dir='ltr'>τῷ</span> <span class='ocrx_word' id='word_1_188' title='bbox 372 2099 401 2184; x_wconf 75' lang='grc' dir='ltr'>γ’</span> <span class='ocrx_word' id='word_1_189' title='bbox 424 2087 571 2186; x_wconf 80' lang='grc' dir='ltr'><strong><em>ίίρρενι</em></strong></span> <span class='ocrx_word' id='word_1_190' title='bbox 593 2095 801 2185; x_wconf 77' lang='grc' dir='ltr'><strong><em>γινομένῳ</em></strong></span> <span class='ocrx_word' id='word_1_191' title='bbox 824 2090 955 2176; x_wconf 73' lang='grc' dir='ltr'><strong><em>οὕτως</em></strong></span> <span class='ocrx_word' id='word_1_192' title='bbox 977 2089 996 2186; x_wconf 78' lang='grc' dir='ltr'>ἡ·</span> <span class='ocrx_word' id='word_1_193' title='bbox 1020 2091 1176 2186; x_wconf 81' lang='grc' dir='ltr'><strong><em>θήλεια</em></strong></span> <span class='ocrx_word' id='word_1_194' title='bbox 1198 2085 1268 2164; x_wconf 80' lang='grc' dir='ltr'><strong><em>οὖν</em></strong></span> <span class='ocrx_word' id='word_1_195' title='bbox 1290 2087 1598 2187; x_wconf 70' lang='grc' dir='ltr'><strong><em>ἠκολούθηκεν,</em></strong></span> <span class='ocrx_word' id='word_1_196' title='bbox 1615 2098 1960 2166; x_wconf 82' lang='lat' dir='ltr'>hiatrrumfoeditatem</span> <span class='ocrx_word' id='word_1_197' title='bbox 1977 2098 2171 2184; x_wconf 73' lang='lat' dir='ltr'>Chrysippea</span> 
     </span>
     <span class='ocr_line' id='line_1_17' title="bbox 298 2189 2169 2290; baseline 0.001 -21"><span class='ocrx_word' id='word_1_198' title='bbox 298 2207 462 2272; x_wconf 82' lang='lat' dir='ltr'>verborum</span> <span class='ocrx_word' id='word_1_199' title='bbox 491 2207 611 2286; x_wconf 87' lang='lat' dir='ltr'>origine</span> <span class='ocrx_word' id='word_1_200' title='bbox 642 2209 835 2270; x_wconf 83' lang='lat' dir='ltr'>excusantes.</span> <span class='ocrx_word' id='word_1_201' title='bbox 881 2205 963 2270; x_wconf 89' lang='lat' dir='ltr'>Nem</span> <span class='ocrx_word' id='word_1_202' title='bbox 987 2204 1015 2290; x_wconf 82' lang='lat' dir='ltr'>y’</span> <span class='ocrx_word' id='word_1_203' title='bbox 1046 2189 1115 2270; x_wconf 77' lang='grc' dir='ltr'><strong><em>οὖν</em></strong></span> <span class='ocrx_word' id='word_1_204' title='bbox 1137 2225 1200 2270; x_wconf 92' lang='lat' dir='ltr'>non</span> <span class='ocrx_word' id='word_1_205' title='bbox 1224 2207 1320 2272; x_wconf 91' lang='lat' dir='ltr'>semel</span> <span class='ocrx_word' id='word_1_206' title='bbox 1343 2208 1445 2290; x_wconf 91' lang='lat' dir='ltr'>spatio</span> <span class='ocrx_word' id='word_1_207' title='bbox 1469 2205 1604 2290; x_wconf 89' lang='lat' dir='ltr'>quodam</span> <span class='ocrx_word' id='word_1_208' title='bbox 1631 2207 1777 2288; x_wconf 87' lang='lat' dir='ltr'>separata</span> <span class='ocrx_word' id='word_1_209' title='bbox 1799 2205 2013 2274; x_wconf 84' lang='lat' dir='ltr'>inveniuntur.</span> <span class='ocrx_word' id='word_1_210' title='bbox 2038 2240 2077 2248; x_wconf 95' lang='lat'><em>-</em></span> <span class='ocrx_word' id='word_1_211' title='bbox 2103 2204 2169 2270; x_wconf 84' lang='lat' dir='ltr'>Sub</span> 
     </span>
     <span class='ocr_line' id='line_1_18' title="bbox 298 2299 2170 2398; baseline -0.001 -22"><span class='ocrx_word' id='word_1_212' title='bbox 298 2312 393 2376; x_wconf 87' lang='lat' dir='ltr'>finem</span> <span class='ocrx_word' id='word_1_213' title='bbox 417 2313 531 2394; x_wconf 89' lang='lat' dir='ltr'>capitis</span> <span class='ocrx_word' id='word_1_214' title='bbox 553 2311 630 2376; x_wconf 85' lang='lat' dir='ltr'>haec</span> <span class='ocrx_word' id='word_1_215' title='bbox 652 2313 702 2375; x_wconf 89' lang='lat' dir='ltr'>est</span> <span class='ocrx_word' id='word_1_216' title='bbox 723 2330 796 2376; x_wconf 86' lang='lat' dir='ltr'>vera</span> <span class='ocrx_word' id='word_1_217' title='bbox 818 2311 918 2378; x_wconf 80' lang='lat' dir='ltr'>forma</span> <span class='ocrx_word' id='word_1_218' title='bbox 941 2329 1048 2377; x_wconf 89' lang='lat' dir='ltr'>versus</span> <span class='ocrx_word' id='word_1_219' title='bbox 1071 2313 1251 2394; x_wconf 82' lang='lat' dir='ltr'>Euripidei:</span> <span class='ocrx_word' id='word_1_220' title='bbox 1276 2304 1360 2396; x_wconf 70' lang='grc' dir='ltr'><strong><em>ὅπερ</em></strong></span> <span class='ocrx_word' id='word_1_221' title='bbox 1382 2303 1519 2397; x_wconf 83' lang='grc' dir='ltr'><strong><em>ποίραυτι</em></strong></span> <span class='ocrx_word' id='word_1_222' title='bbox 1543 2308 1600 2376; x_wconf 84' lang='grc' dir='ltr'>καὶ</span> <span class='ocrx_word' id='word_1_223' title='bbox 1614 2307 1732 2398; x_wconf 77' lang='grc' dir='ltr'><strong><em>πέφυχ’</em></strong></span> <span class='ocrx_word' id='word_1_224' title='bbox 1749 2299 1832 2396; x_wconf 71' lang='grc' dir='ltr'>ἡμᾶς</span> <span class='ocrx_word' id='word_1_225' title='bbox 1846 2307 1984 2398; x_wconf 80' lang='grc' dir='ltr'><strong><em>τρέφειν,</em></strong></span> <span class='ocrx_word' id='word_1_226' title='bbox 2001 2331 2062 2394; x_wconf 90' lang='lat' dir='ltr'>quo</span> <span class='ocrx_word' id='word_1_227' title='bbox 2079 2329 2170 2375; x_wconf 80' lang='lat' dir='ltr'>versu</span> 
     </span>
     <span class='ocr_line' id='line_1_19' title="bbox 298 2417 1432 2504; baseline 0 -20"><span class='ocrx_word' id='word_1_228' title='bbox 298 2419 481 2504; x_wconf 84' lang='lat' dir='ltr'>saepissime</span> <span class='ocrx_word' id='word_1_229' title='bbox 504 2437 597 2489; x_wconf 82' lang='lat' dir='ltr'>usum</span> <span class='ocrx_word' id='word_1_230' title='bbox 621 2437 689 2483; x_wconf 88' lang='lat' dir='ltr'>esse</span> <span class='ocrx_word' id='word_1_231' title='bbox 712 2417 923 2501; x_wconf 78' lang='lat' dir='ltr'>Chrysippum</span> <span class='ocrx_word' id='word_1_232' title='bbox 945 2420 1081 2484; x_wconf 79' lang='lat' dir='ltr'>testatam</span> <span class='ocrx_word' id='word_1_233' title='bbox 1103 2418 1225 2484; x_wconf 85' lang='lat' dir='ltr'>Gellius</span> <span class='ocrx_word' id='word_1_234' title='bbox 1248 2418 1302 2484; x_wconf 92' lang='lat' dir='ltr'>VI.</span> <span class='ocrx_word' id='word_1_235' title='bbox 1329 2419 1379 2484; x_wconf 88' lang='grc'>16.</span> <span class='ocrx_word' id='word_1_236' title='bbox 1402 2419 1432 2484; x_wconf 90' lang='grc'>6.</span> 
     </span>
    </p>
   </div>
   <div class='ocr_carea' id='block_1_3' title="bbox 297 2629 2172 3364">
    <p class='ocr_par' dir='ltr' id='par_1_3' title="bbox 297 2629 2172 3364">
     <span class='ocr_line' id='line_1_20' title="bbox 459 2629 2171 2722; baseline -0.002 -19"><span class='ocrx_word' id='word_1_237' title='bbox 459 2635 534 2720; x_wconf 75' lang='lat' dir='ltr'>(lap.</span> <span class='ocrx_word' id='word_1_238' title='bbox 551 2635 651 2704; x_wconf 80' lang='lat' dir='ltr'>XXII.</span> <span class='ocrx_word' id='word_1_239' title='bbox 684 2636 784 2702; x_wconf 90' lang='lat' dir='ltr'>Initio</span> <span class='ocrx_word' id='word_1_240' title='bbox 807 2637 920 2720; x_wconf 89' lang='lat' dir='ltr'>capitis</span> <span class='ocrx_word' id='word_1_241' title='bbox 936 2636 1012 2702; x_wconf 88' lang='lat' dir='ltr'>haec</span> <span class='ocrx_word' id='word_1_242' title='bbox 1027 2636 1232 2704; x_wconf 82' lang='lat' dir='ltr'>Plutarchum</span> <span class='ocrx_word' id='word_1_243' title='bbox 1254 2639 1416 2722; x_wconf 86' lang='lat' dir='ltr'>scripsisse</span> <span class='ocrx_word' id='word_1_244' title='bbox 1439 2637 1609 2703; x_wconf 81' lang='lat' dir='ltr'>verisimile</span> <span class='ocrx_word' id='word_1_245' title='bbox 1631 2639 1695 2702; x_wconf 88' lang='lat' dir='ltr'>est:</span> <span class='ocrx_word' id='word_1_246' title='bbox 1719 2629 1753 2700; x_wconf 72' lang='grc' dir='ltr'><strong><em>ἐν</em></strong></span> <span class='ocrx_word' id='word_1_247' title='bbox 1774 2631 1822 2722; x_wconf 77' lang='grc' dir='ltr'>τῷ</span> <span class='ocrx_word' id='word_1_248' title='bbox 1843 2629 1971 2722; x_wconf 83' lang='grc' dir='ltr'><strong><em>τρίτῳ</em></strong></span> <span class='ocrx_word' id='word_1_249' title='bbox 1992 2633 2058 2700; x_wconf 78' lang='grc' dir='ltr'><strong><em>τῶν</em></strong></span> <span class='ocrx_word' id='word_1_250' title='bbox 2079 2638 2171 2722; x_wconf 88' lang='grc' dir='ltr'><strong><em>Προ-</em></strong></span> 
     </span>
     <span class='ocr_line' id='line_1_21' title="bbox 297 2737 2171 2830; baseline -0.001 -22"><span class='ocrx_word' id='word_1_251' title='bbox 297 2739 486 2830; x_wconf 76' lang='grc' dir='ltr'><strong><em>τρεπτικῶν,</em></strong></span> <span class='ocrx_word' id='word_1_252' title='bbox 510 2744 565 2825; x_wconf 88' lang='lat' dir='ltr'>qui</span> <span class='ocrx_word' id='word_1_253' title='bbox 588 2743 668 2808; x_wconf 90' lang='lat' dir='ltr'>liber</span> <span class='ocrx_word' id='word_1_254' title='bbox 690 2745 788 2809; x_wconf 89' lang='lat' dir='ltr'>etiam</span> <span class='ocrx_word' id='word_1_255' title='bbox 811 2743 888 2826; x_wconf 84' lang='lat' dir='ltr'>Rep.</span> <span class='ocrx_word' id='word_1_256' title='bbox 913 2745 953 2808; x_wconf 82' lang='lat'>17</span> <span class='ocrx_word' id='word_1_257' title='bbox 977 2744 1105 2820; x_wconf 83' lang='lat' dir='ltr'>citatur,</span> <span class='ocrx_word' id='word_1_258' title='bbox 1128 2763 1318 2828; x_wconf 90' lang='lat' dir='ltr'>quamquam</span> <span class='ocrx_word' id='word_1_259' title='bbox 1341 2763 1416 2822; x_wconf 85' lang='lat' dir='ltr'>rem,</span> <span class='ocrx_word' id='word_1_260' title='bbox 1439 2744 1477 2809; x_wconf 92' lang='lat' dir='ltr'>de</span> <span class='ocrx_word' id='word_1_261' title='bbox 1500 2763 1562 2828; x_wconf 89' lang='lat' dir='ltr'>qua</span> <span class='ocrx_word' id='word_1_262' title='bbox 1586 2743 1776 2826; x_wconf 80' lang='lat' dir='ltr'>disputatur,</span> <span class='ocrx_word' id='word_1_263' title='bbox 1800 2741 1994 2826; x_wconf 81' lang='lat' dir='ltr'>Chrysippus</span> <span class='ocrx_word' id='word_1_264' title='bbox 2017 2743 2115 2810; x_wconf 84' lang='lat' dir='ltr'>etiam</span> <span class='ocrx_word' id='word_1_265' title='bbox 2137 2737 2171 2806; x_wconf 79' lang='grc' dir='ltr'><strong><em>ἒν</em></strong></span> 
     </span>
     <span class='ocr_line' id='line_1_22' title="bbox 298 2837 2172 2936; baseline 0.001 -22"><span class='ocrx_word' id='word_1_266' title='bbox 298 2845 461 2934; x_wconf 82' lang='grc' dir='ltr'><strong><em>τοῖςπερὶ</em></strong></span> <span class='ocrx_word' id='word_1_267' title='bbox 476 2846 541 2913; x_wconf 81' lang='grc' dir='ltr'><strong><em>τῶν</em></strong></span> <span class='ocrx_word' id='word_1_268' title='bbox 555 2840 599 2936; x_wconf 79' lang='grc' dir='ltr'>μὴ</span> <span class='ocrx_word' id='word_1_269' title='bbox 616 2847 658 2912; x_wconf 77' lang='grc' dir='ltr'><strong><em>δι’</em></strong></span> <span class='ocrx_word' id='word_1_270' title='bbox 675 2837 758 2912; x_wconf 66' lang='grc' dir='ltr'>αὑτὰ</span> <span class='ocrx_word' id='word_1_271' title='bbox 773 2842 909 2934; x_wconf 68' lang='lat' dir='ltr'>ciperon</span> <span class='ocrx_word' id='word_1_272' title='bbox 931 2853 963 2914; x_wconf 85' lang='lat' dir='ltr'>et</span> <span class='ocrx_word' id='word_1_273' title='bbox 986 2844 1019 2912; x_wconf 67' lang='grc' dir='ltr'><strong><em>ἐν</em></strong></span> <span class='ocrx_word' id='word_1_274' title='bbox 1041 2846 1088 2934; x_wconf 76' lang='grc' dir='ltr'>τῷ</span> <span class='ocrx_word' id='word_1_275' title='bbox 1110 2847 1185 2936; x_wconf 80' lang='grc' dir='ltr'><strong><em>περὶ</em></strong></span> <span class='ocrx_word' id='word_1_276' title='bbox 1209 2845 1379 2928; x_wconf 69' lang='grc' dir='ltr'><strong><em>πολιτείας</em></strong></span> <span class='ocrx_word' id='word_1_277' title='bbox 1401 2850 1505 2932; x_wconf 81' lang='lat' dir='ltr'>(Diog.</span> <span class='ocrx_word' id='word_1_278' title='bbox 1521 2849 1623 2914; x_wconf 84' lang='lat' dir='ltr'>Laert.</span> <span class='ocrx_word' id='word_1_279' title='bbox 1640 2847 1710 2914; x_wconf 86' lang='lat' dir='ltr'>vll.</span> <span class='ocrx_word' id='word_1_280' title='bbox 1728 2849 1804 2928; x_wconf 74' lang='lat'>188)</span> <span class='ocrx_word' id='word_1_281' title='bbox 1819 2849 1979 2914; x_wconf 75' lang='grc' dir='ltr'>λῐυυλυιίλ.</span> <span class='ocrx_word' id='word_1_282' title='bbox 2024 2848 2172 2916; x_wconf 78' lang='lat' dir='ltr'>umens</span> 
     </span>
     <span class='ocr_line' id='line_1_23' title="bbox 300 2939 2172 3042; baseline -0.001 -21"><span class='ocrx_word' id='word_1_283' title='bbox 300 2957 406 3042; x_wconf 87' lang='lat' dir='ltr'>paullo</span> <span class='ocrx_word' id='word_1_284' title='bbox 429 2955 523 3020; x_wconf 88' lang='lat' dir='ltr'>aliter</span> <span class='ocrx_word' id='word_1_285' title='bbox 546 2958 639 3036; x_wconf 79' lang='lat' dir='ltr'>atque</span> <span class='ocrx_word' id='word_1_286' title='bbox 662 2955 767 3036; x_wconf 83' lang='lat' dir='ltr'>Mdvg.</span> <span class='ocrx_word' id='word_1_287' title='bbox 790 2955 893 3022; x_wconf 88' lang='lat' dir='ltr'>suasit</span> <span class='ocrx_word' id='word_1_288' title='bbox 914 2954 1044 3020; x_wconf 76' lang='lat' dir='ltr'>fumasse</span> <span class='ocrx_word' id='word_1_289' title='bbox 1069 2957 1152 3023; x_wconf 89' lang='lat' dir='ltr'>hunc</span> <span class='ocrx_word' id='word_1_290' title='bbox 1176 2959 1209 3022; x_wconf 93' lang='lat' dir='ltr'>in</span> <span class='ocrx_word' id='word_1_291' title='bbox 1233 2959 1360 3023; x_wconf 91' lang='lat' dir='ltr'>modum</span> <span class='ocrx_word' id='word_1_292' title='bbox 1384 2957 1511 3023; x_wconf 88' lang='lat' dir='ltr'>restitui</span> <span class='ocrx_word' id='word_1_293' title='bbox 1534 2957 1684 3037; x_wconf 86' lang='lat' dir='ltr'>possunt:</span> <span class='ocrx_word' id='word_1_294' title='bbox 1716 2942 1841 3019; x_wconf 82' lang='grc' dir='ltr'><strong><em>ι’ίτοπον</em></strong></span> <span class='ocrx_word' id='word_1_295' title='bbox 1862 2951 1921 3036; x_wconf 80' lang='grc' dir='ltr'><strong><em>μὲν</em></strong></span> <span class='ocrx_word' id='word_1_296' title='bbox 1950 2939 2007 3020; x_wconf 75' lang='grc' dir='ltr'><strong><em>οὖν</em></strong></span> <span class='ocrx_word' id='word_1_297' title='bbox 2035 2945 2074 3018; x_wconf 82' lang='grc' dir='ltr'>τὸ</span> <span class='ocrx_word' id='word_1_298' title='bbox 2105 2949 2172 3019; x_wconf 71' lang='grc' dir='ltr'><strong><em>ἐκεῖ</em></strong></span> 
     </span>
     <span class='ocr_line' id='line_1_24' title="bbox 300 3043 2172 3152; baseline -0.002 -22"><span class='ocrx_word' id='word_1_299' title='bbox 300 3062 359 3148; x_wconf 78' lang='grc' dir='ltr'><strong><em>μίν</em></strong></span> <span class='ocrx_word' id='word_1_300' title='bbox 374 3053 521 3152; x_wconf 72' lang='grc' dir='ltr'><strong><em>τίν’καιρυν</em></strong></span> <span class='ocrx_word' id='word_1_301' title='bbox 535 3059 641 3130; x_wconf 76' lang='grc' dir='ltr'><strong><em>εἰπεῖν</em></strong></span> <span class='ocrx_word' id='word_1_302' title='bbox 655 3057 712 3152; x_wconf 72' lang='grc' dir='ltr'><strong><em>τὴν</em></strong></span> <span class='ocrx_word' id='word_1_303' title='bbox 726 3062 791 3130; x_wconf 80' lang='grc' dir='ltr'><strong><em>τῶν</em></strong></span> <span class='ocrx_word' id='word_1_304' title='bbox 814 3053 950 3130; x_wconf 81' lang='grc' dir='ltr'><strong><em>ίίλλων</em></strong></span> <span class='ocrx_word' id='word_1_305' title='bbox 972 3056 1063 3150; x_wconf 79' lang='grc' dir='ltr'><strong><em>ζρίιον</em></strong></span> <span class='ocrx_word' id='word_1_306' title='bbox 1086 3054 1406 3150; x_wconf 76' lang='grc' dir='ltr'><strong><em>ἀποθεώρησιν,</em></strong></span> <span class='ocrx_word' id='word_1_307' title='bbox 1430 3057 1574 3130; x_wconf 76' lang='grc' dir='ltr'><strong><em>ἐνταῦθα</em></strong></span> <span class='ocrx_word' id='word_1_308' title='bbox 1589 3059 1626 3126; x_wconf 81' lang='grc' dir='ltr'>δὲ</span> <span class='ocrx_word' id='word_1_309' title='bbox 1642 3043 1768 3146; x_wconf 75' lang='grc' dir='ltr'><strong><em>ἷίλομον.</em></strong></span> <span class='ocrx_word' id='word_1_310' title='bbox 1814 3061 1926 3128; x_wconf 87' lang='lat' dir='ltr'>Posuit</span> <span class='ocrx_word' id='word_1_311' title='bbox 1941 3063 2025 3126; x_wconf 85' lang='lat' dir='ltr'>certe</span> <span class='ocrx_word' id='word_1_312' title='bbox 2041 3062 2172 3127; x_wconf 87' lang='lat' dir='ltr'>verbum</span> 
     </span>
     <span class='ocr_line' id='line_1_25' title="bbox 301 3155 2170 3259; baseline -0.003 -24"><span class='ocrx_word' id='word_1_313' title='bbox 301 3160 532 3259; x_wconf 77' lang='grc' dir='ltr'><strong><em>α’ποθετίρηοιν</em></strong></span> <span class='ocrx_word' id='word_1_314' title='bbox 555 3170 610 3252; x_wconf 86' lang='lat'>(=</span> <span class='ocrx_word' id='word_1_315' title='bbox 631 3163 819 3256; x_wconf 78' lang='grc' dir='ltr'><strong><em>παράθεσιν</em></strong></span> <span class='ocrx_word' id='word_1_316' title='bbox 840 3169 859 3252; x_wconf 59' lang='grc' dir='ltr'>ᾗ</span> <span class='ocrx_word' id='word_1_317' title='bbox 885 3170 926 3253; x_wconf 85' lang='grc'>1),</span> <span class='ocrx_word' id='word_1_318' title='bbox 949 3170 1033 3254; x_wconf 89' lang='lat' dir='ltr'>quod</span> <span class='ocrx_word' id='word_1_319' title='bbox 1056 3171 1127 3252; x_wconf 82' lang='lat' dir='ltr'>Wy.</span> <span class='ocrx_word' id='word_1_320' title='bbox 1151 3170 1358 3247; x_wconf 78' lang='lat' dir='ltr'>commendat,</span> <span class='ocrx_word' id='word_1_321' title='bbox 1383 3169 1467 3234; x_wconf 91' lang='lat' dir='ltr'>Plut.</span> <span class='ocrx_word' id='word_1_322' title='bbox 1491 3167 1552 3250; x_wconf 78' lang='lat' dir='ltr'>hg.</span> <span class='ocrx_word' id='word_1_323' title='bbox 1576 3175 1609 3232; x_wconf 90' lang='lat' dir='ltr'>et</span> <span class='ocrx_word' id='word_1_324' title='bbox 1631 3167 1763 3234; x_wconf 83' lang='lat' dir='ltr'>Gracch.</span> <span class='ocrx_word' id='word_1_325' title='bbox 1788 3169 1935 3250; x_wconf 80' lang='lat' dir='ltr'>compl.</span> <span class='ocrx_word' id='word_1_326' title='bbox 1959 3155 2170 3232; x_wconf 69' lang='lat' dir='ltr'>instatuatae</span> 
     </span>
     <span class='ocr_line' id='line_1_26' title="bbox 301 3263 1233 3364; baseline -0.001 -23"><span class='ocrx_word' id='word_1_327' title='bbox 301 3276 413 3361; x_wconf 80' lang='grc' dir='ltr'><strong><em>λαβεῖν</em></strong></span> <span class='ocrx_word' id='word_1_328' title='bbox 435 3270 472 3341; x_wconf 75' lang='grc' dir='ltr'>ἐκ</span> <span class='ocrx_word' id='word_1_329' title='bbox 493 3268 704 3364; x_wconf 79' lang='grc' dir='ltr'><strong><em>παραλλήλου</em></strong></span> <span class='ocrx_word' id='word_1_330' title='bbox 724 3273 790 3341; x_wconf 80' lang='grc' dir='ltr'><strong><em>τῶν</em></strong></span> <span class='ocrx_word' id='word_1_331' title='bbox 810 3271 893 3358; x_wconf 83' lang='grc' dir='ltr'><strong><em>βίων</em></strong></span> <span class='ocrx_word' id='word_1_332' title='bbox 913 3267 970 3362; x_wconf 71' lang='grc' dir='ltr'><strong><em>τὴν</em></strong></span> <span class='ocrx_word' id='word_1_333' title='bbox 992 3263 1233 3364; x_wconf 72' lang='grc' dir='ltr'><strong><em>ἀποθεώρησιν.</em></strong></span> 
     </span>
    </p>
   </div>
   <div class='ocr_carea' id='block_1_4' title="bbox 299 3479 2176 3896">
    <p class='ocr_par' dir='ltr' id='par_1_4' title="bbox 299 3479 2176 3896">
     <span class='ocr_line' id='line_1_27' title="bbox 462 3479 2171 3580; baseline -0.002 -20"><span class='ocrx_word' id='word_1_334' title='bbox 462 3493 536 3580; x_wconf 82' lang='lat' dir='ltr'>Gap.</span> <span class='ocrx_word' id='word_1_335' title='bbox 559 3493 676 3572; x_wconf 77' lang='lat' dir='ltr'>XXIII,</span> <span class='ocrx_word' id='word_1_336' title='bbox 701 3497 730 3560; x_wconf 91' lang='lat'>1.</span> <span class='ocrx_word' id='word_1_337' title='bbox 776 3492 857 3576; x_wconf 81' lang='lat' dir='ltr'>Quis</span> <span class='ocrx_word' id='word_1_338' title='bbox 881 3495 1104 3578; x_wconf 80' lang='lat' dir='ltr'>excogitaverit</span> <span class='ocrx_word' id='word_1_339' title='bbox 1125 3495 1215 3560; x_wconf 93' lang='lat' dir='ltr'>illam</span> <span class='ocrx_word' id='word_1_340' title='bbox 1237 3482 1462 3580; x_wconf 74' lang='grc' dir='ltr'><strong><em>ἐπελευστικὴν</em></strong></span> <span class='ocrx_word' id='word_1_341' title='bbox 1482 3487 1606 3580; x_wconf 82' lang='grc' dir='ltr'><strong><em>κίνησιν</em></strong></span> <span class='ocrx_word' id='word_1_342' title='bbox 1628 3487 1662 3555; x_wconf 73' lang='grc' dir='ltr'><strong><em>ἐν</em></strong></span> <span class='ocrx_word' id='word_1_343' title='bbox 1682 3487 1731 3576; x_wconf 78' lang='grc' dir='ltr'>τῷ</span> <span class='ocrx_word' id='word_1_344' title='bbox 1752 3479 1931 3578; x_wconf 68' lang='grc' dir='ltr'><strong><em>ἡγεμονικῷ</em></strong></span> <span class='ocrx_word' id='word_1_345' title='bbox 1953 3509 2023 3560; x_wconf 86' lang='lat' dir='ltr'>non</span> <span class='ocrx_word' id='word_1_346' title='bbox 2039 3493 2171 3557; x_wconf 79' lang='lat' dir='ltr'>mactat</span> 
     </span>
     <span class='ocr_line' id='line_1_28' title="bbox 302 3595 2172 3684; baseline -0.003 -14"><span class='ocrx_word' id='word_1_347' title='bbox 302 3601 379 3670; x_wconf 81' lang='lat' dir='ltr'>mit</span> <span class='ocrx_word' id='word_1_348' title='bbox 400 3600 533 3666; x_wconf 78' lang='lat' dir='ltr'>fortuma</span> <span class='ocrx_word' id='word_1_349' title='bbox 557 3599 763 3666; x_wconf 83' lang='lat' dir='ltr'>Academicus</span> <span class='ocrx_word' id='word_1_350' title='bbox 786 3601 917 3684; x_wconf 86' lang='lat' dir='ltr'>aliquis;</span> <span class='ocrx_word' id='word_1_351' title='bbox 942 3599 1117 3666; x_wconf 81' lang='lat' dir='ltr'>Carneades</span> <span class='ocrx_word' id='word_1_352' title='bbox 1140 3601 1267 3684; x_wconf 85' lang='lat' dir='ltr'>quidem</span> <span class='ocrx_word' id='word_1_353' title='bbox 1292 3636 1330 3645; x_wconf 93' lang='grc'>-</span> <span class='ocrx_word' id='word_1_354' title='bbox 1356 3600 1410 3682; x_wconf 88' lang='lat' dir='ltr'>qul</span> <span class='ocrx_word' id='word_1_355' title='bbox 1434 3603 1541 3667; x_wconf 87' lang='lat' dir='ltr'>tamen</span> <span class='ocrx_word' id='word_1_356' title='bbox 1563 3603 1634 3684; x_wconf 90' lang='lat' dir='ltr'>pcst</span> <span class='ocrx_word' id='word_1_357' title='bbox 1656 3597 1870 3682; x_wconf 81' lang='lat' dir='ltr'>chrysippum</span> <span class='ocrx_word' id='word_1_358' title='bbox 1890 3598 1952 3665; x_wconf 84' lang='lat' dir='ltr'>luit</span> <span class='ocrx_word' id='word_1_359' title='bbox 1968 3633 2008 3646; x_wconf 85' lang='lat'>—</span> <span class='ocrx_word' id='word_1_360' title='bbox 2023 3595 2172 3676; x_wconf 67' lang='lat' dir='ltr'>„docebat</span> 
     </span>
     <span class='ocr_line' id='line_1_29' title="bbox 299 3701 2173 3792; baseline -0.004 -19"><span class='ocrx_word' id='word_1_361' title='bbox 299 3727 391 3792; x_wconf 82' lang='lat' dir='ltr'>posse</span> <span class='ocrx_word' id='word_1_362' title='bbox 412 3706 587 3792; x_wconf 75' lang='grc' dir='ltr'><strong><em>Εμίοανοοα</em></strong></span> <span class='ocrx_word' id='word_1_363' title='bbox 608 3725 699 3772; x_wconf 77' lang='lat' dir='ltr'>asom</span> <span class='ocrx_word' id='word_1_364' title='bbox 722 3725 849 3772; x_wconf 82' lang='grc' dir='ltr'><strong><em>ιονιυυυι</em></strong></span> <span class='ocrx_word' id='word_1_365' title='bbox 865 3705 946 3788; x_wconf 87' lang='lat' dir='ltr'>(esse</span> <span class='ocrx_word' id='word_1_366' title='bbox 962 3706 1081 3790; x_wconf 90' lang='lat' dir='ltr'>aliquid</span> <span class='ocrx_word' id='word_1_367' title='bbox 1097 3708 1187 3771; x_wconf 91' lang='lat' dir='ltr'>nobis</span> <span class='ocrx_word' id='word_1_368' title='bbox 1202 3703 1350 3788; x_wconf 89' lang='lat' dir='ltr'>liberum)</span> <span class='ocrx_word' id='word_1_369' title='bbox 1366 3705 1435 3770; x_wconf 80' lang='grc' dir='ltr'>οιόυ</span> <span class='ocrx_word' id='word_1_370' title='bbox 1449 3705 1507 3770; x_wconf 84' lang='lat' dir='ltr'>bac</span> <span class='ocrx_word' id='word_1_371' title='bbox 1521 3705 1735 3770; x_wconf 80' lang='lat' dir='ltr'>mmmeaticio</span> <span class='ocrx_word' id='word_1_372' title='bbox 1750 3703 1957 3770; x_wconf 80' lang='lat' dir='ltr'>declinatione</span> <span class='ocrx_word' id='word_1_373' title='bbox 1973 3701 2173 3784; x_wconf 88' lang='lat' dir='ltr'>(atomorum)</span> 
     </span>
     <span class='ocr_line' id='line_1_30' title="bbox 303 3807 2176 3896; baseline -0.004 -16"><span class='ocrx_word' id='word_1_374' title='bbox 303 3814 478 3895; x_wconf 79' lang='lat' dir='ltr'>defendere;</span> <span class='ocrx_word' id='word_1_375' title='bbox 499 3834 575 3878; x_wconf 82' lang='lat' dir='ltr'>acm</span> <span class='ocrx_word' id='word_1_376' title='bbox 597 3833 669 3878; x_wconf 83' lang='lat' dir='ltr'>cam</span> <span class='ocrx_word' id='word_1_377' title='bbox 690 3811 842 3892; x_wconf 66' lang='lat' dir='ltr'>demeret,</span> <span class='ocrx_word' id='word_1_378' title='bbox 872 3832 937 3878; x_wconf 85' lang='lat' dir='ltr'>csse</span> <span class='ocrx_word' id='word_1_379' title='bbox 961 3833 1055 3896; x_wconf 81' lang='lat' dir='ltr'>posse</span> <span class='ocrx_word' id='word_1_380' title='bbox 1082 3812 1237 3896; x_wconf 75' lang='grc' dir='ltr'><strong><em>ρυονιιίιιννι</em></strong></span> <span class='ocrx_word' id='word_1_381' title='bbox 1265 3811 1366 3876; x_wconf 80' lang='lat' dir='ltr'>animi</span> <span class='ocrx_word' id='word_1_382' title='bbox 1394 3816 1509 3878; x_wconf 69' lang='lat' dir='ltr'>tactam</span> <span class='ocrx_word' id='word_1_383' title='bbox 1537 3809 1758 3890; x_wconf 79' lang='lat' dir='ltr'>mlaatarieua,</span> <span class='ocrx_word' id='word_1_384' title='bbox 1780 3809 1815 3876; x_wconf 82' lang='lat' dir='ltr'>id</span> <span class='ocrx_word' id='word_1_385' title='bbox 1834 3808 1897 3890; x_wconf 79' lang='lat' dir='ltr'>suit</span> <span class='ocrx_word' id='word_1_386' title='bbox 1918 3809 2042 3892; x_wconf 60' lang='lat' dir='ltr'>&amp;sandi</span> <span class='ocrx_word' id='word_1_387' title='bbox 2063 3807 2176 3874; x_wconf 72' lang='lat' dir='ltr'>masor</span> 
     </span>
    </p>
   </div>
   <div class='ocr_carea' id='block_1_5' title="bbox 302 3895 2175 4214">
    <p class='ocr_par' dir='ltr' id='par_1_5' title="bbox 302 3895 2175 4214">
     <span class='ocr_line' id='line_1_31' title="bbox 302 3895 2175 4008; baseline -0.004 -21"><span class='ocrx_word' id='word_1_388' title='bbox 302 3939 397 4004; x_wconf 61' lang='grc' dir='ltr'>μοι</span> <span class='ocrx_word' id='word_1_389' title='bbox 418 3919 615 3986; x_wconf 63' lang='lat' dir='ltr'>aecem</span> <span class='ocrx_word' id='word_1_390' title='bbox 634 3917 873 3986; x_wconf 73' lang='grc' dir='ltr'><strong><em>αοιπυπει</em></strong></span> <span class='ocrx_word' id='word_1_391' title='bbox 895 3967 903 3984; x_wconf 95' lang='grc'><strong>.</strong></span> <span class='ocrx_word' id='word_1_392' title='bbox 926 3968 933 3984; x_wconf 95' lang='grc'><strong>.</strong></span> <span class='ocrx_word' id='word_1_393' title='bbox 956 3967 964 3982; x_wconf 95' lang='grc'><strong>.</strong></span> <span class='ocrx_word' id='word_1_394' title='bbox 987 3939 1046 4002; x_wconf 73' lang='lat' dir='ltr'>qn</span> <span class='ocrx_word' id='word_1_395' title='bbox 1069 3895 1193 4000; x_wconf 67' lang='grc' dir='ltr'>πεπυ</span> <span class='ocrx_word' id='word_1_396' title='bbox 1214 3917 1309 4000; x_wconf 69' lang='grc' dir='ltr'>που</span> <span class='ocrx_word' id='word_1_397' title='bbox 1336 3915 1508 4008; x_wconf 54' lang='lat' dir='ltr'>cumeneo</span> <span class='ocrx_word' id='word_1_398' title='bbox 1527 3917 1812 3998; x_wconf 66' lang='lat' dir='ltr'>parmensem</span> <span class='ocrx_word' id='word_1_399' title='bbox 1826 3914 1906 3998; x_wconf 74' lang='grc' dir='ltr'>(ου.</span> <span class='ocrx_word' id='word_1_400' title='bbox 1924 3915 1953 3980; x_wconf 86' lang='lat' dir='ltr'>n.</span> <span class='ocrx_word' id='word_1_401' title='bbox 1969 3914 2024 3982; x_wconf 75' lang='grc' dir='ltr'>ιιι</span> <span class='ocrx_word' id='word_1_402' title='bbox 2044 3918 2093 3980; x_wconf 90' lang='lat'>11.</span> <span class='ocrx_word' id='word_1_403' title='bbox 2109 3916 2175 3996; x_wconf 81' lang='lat' dir='ltr'>aa).</span> 
     </span>
     <span class='ocr_line' id='line_1_32' title="bbox 305 4021 2174 4108; baseline -0.004 -16"><span class='ocrx_word' id='word_1_404' title='bbox 305 4061 346 4072; x_wconf 88' lang='lat'><em>-</em></span> <span class='ocrx_word' id='word_1_405' title='bbox 370 4025 469 4091; x_wconf 90' lang='lat' dir='ltr'>Paulo</span> <span class='ocrx_word' id='word_1_406' title='bbox 493 4025 576 4091; x_wconf 83' lang='lat' dir='ltr'>inira</span> <span class='ocrx_word' id='word_1_407' title='bbox 598 4027 637 4090; x_wconf 92' lang='lat' dir='ltr'>de</span> <span class='ocrx_word' id='word_1_408' title='bbox 660 4025 812 4108; x_wconf 82' lang='lat' dir='ltr'>exemplis</span> <span class='ocrx_word' id='word_1_409' title='bbox 835 4045 855 4092; x_wconf 87' lang='lat' dir='ltr'>a</span> <span class='ocrx_word' id='word_1_410' title='bbox 877 4026 1055 4092; x_wconf 89' lang='lat' dir='ltr'>cursoribus</span> <span class='ocrx_word' id='word_1_411' title='bbox 1078 4029 1110 4090; x_wconf 89' lang='lat' dir='ltr'>et</span> <span class='ocrx_word' id='word_1_412' title='bbox 1133 4024 1272 4090; x_wconf 88' lang='lat' dir='ltr'>denariis</span> <span class='ocrx_word' id='word_1_413' title='bbox 1293 4023 1405 4108; x_wconf 91' lang='lat' dir='ltr'>petitis</span> <span class='ocrx_word' id='word_1_414' title='bbox 1428 4023 1468 4088; x_wconf 93' lang='lat' dir='ltr'>ad</span> <span class='ocrx_word' id='word_1_415' title='bbox 1491 4041 1528 4088; x_wconf 82' lang='lat' dir='ltr'>ea</span> <span class='ocrx_word' id='word_1_416' title='bbox 1550 4041 1630 4104; x_wconf 86' lang='lat' dir='ltr'>quae</span> <span class='ocrx_word' id='word_1_417' title='bbox 1653 4023 1735 4105; x_wconf 81' lang='lat' dir='ltr'><strong>Wy.‚</strong></span> <span class='ocrx_word' id='word_1_418' title='bbox 1759 4023 1857 4104; x_wconf 72' lang='lat' dir='ltr'>Meg,</span> <span class='ocrx_word' id='word_1_419' title='bbox 1888 4021 2098 4088; x_wconf 86' lang='lat' dir='ltr'>Bemnrdalris</span> <span class='ocrx_word' id='word_1_420' title='bbox 2120 4037 2174 4084; x_wconf 86' lang='lat' dir='ltr'>er·</span> 
     </span>
     <span class='ocr_line' id='line_1_33' title="bbox 304 4126 1925 4214; baseline -0.002 -18"><span class='ocrx_word' id='word_1_421' title='bbox 304 4133 532 4214; x_wconf 73' lang='lat' dir='ltr'>cogitaverunt,</span> <span class='ocrx_word' id='word_1_422' title='bbox 555 4152 594 4198; x_wconf 93' lang='lat' dir='ltr'>ne</span> <span class='ocrx_word' id='word_1_423' title='bbox 617 4130 840 4214; x_wconf 85' lang='lat' dir='ltr'>disputationis</span> <span class='ocrx_word' id='word_1_424' title='bbox 863 4131 990 4213; x_wconf 89' lang='lat' dir='ltr'>laqueos</span> <span class='ocrx_word' id='word_1_425' title='bbox 1013 4133 1164 4197; x_wconf 89' lang='lat' dir='ltr'>intricare</span> <span class='ocrx_word' id='word_1_426' title='bbox 1186 4130 1287 4212; x_wconf 60' lang='lat' dir='ltr'>mama</span> <span class='ocrx_word' id='word_1_427' title='bbox 1310 4147 1404 4212; x_wconf 89' lang='lat' dir='ltr'>quam</span> <span class='ocrx_word' id='word_1_428' title='bbox 1427 4129 1570 4212; x_wconf 80' lang='lat' dir='ltr'>expedire</span> <span class='ocrx_word' id='word_1_429' title='bbox 1593 4126 1708 4206; x_wconf 84' lang='lat' dir='ltr'>videar,</span> <span class='ocrx_word' id='word_1_430' title='bbox 1730 4128 1812 4194; x_wconf 91' lang='lat' dir='ltr'>nihil</span> <span class='ocrx_word' id='word_1_431' title='bbox 1836 4127 1925 4193; x_wconf 92' lang='lat' dir='ltr'>addo.</span> 
     </span>
    </p>
   </div>
   <div class='ocr_carea' id='block_1_6' title="bbox 305 4337 2178 4964">
    <p class='ocr_par' dir='ltr' id='par_1_6' title="bbox 305 4337 2178 4964">
     <span class='ocr_line' id='line_1_34' title="bbox 465 4337 2177 4436; baseline -0.004 -18"><span class='ocrx_word' id='word_1_432' title='bbox 465 4349 540 4436; x_wconf 78' lang='lat' dir='ltr'>Cap.</span> <span class='ocrx_word' id='word_1_433' title='bbox 563 4349 691 4418; x_wconf 84' lang='lat' dir='ltr'>XXVII.</span> <span class='ocrx_word' id='word_1_434' title='bbox 737 4347 947 4418; x_wconf 83' lang='lat' dir='ltr'>Scribendum</span> <span class='ocrx_word' id='word_1_435' title='bbox 970 4367 1037 4414; x_wconf 90' lang='lat' dir='ltr'>esse</span> <span class='ocrx_word' id='word_1_436' title='bbox 1058 4345 1107 4435; x_wconf 77' lang='grc' dir='ltr'>τῷ</span> <span class='ocrx_word' id='word_1_437' title='bbox 1127 4338 1200 4414; x_wconf 79' lang='grc' dir='ltr'><strong><em>τὸν</em></strong></span> <span class='ocrx_word' id='word_1_438' title='bbox 1220 4342 1300 4431; x_wconf 86' lang='grc' dir='ltr'><strong><em>μίαν</em></strong></span> <span class='ocrx_word' id='word_1_439' title='bbox 1321 4341 1434 4430; x_wconf 71' lang='grc' dir='ltr'><strong><em>ἔχοντα</em></strong></span> <span class='ocrx_word' id='word_1_440' title='bbox 1455 4367 1510 4432; x_wconf 92' lang='lat' dir='ltr'>pro</span> <span class='ocrx_word' id='word_1_441' title='bbox 1532 4345 1579 4434; x_wconf 77' lang='grc' dir='ltr'>τῷ</span> <span class='ocrx_word' id='word_1_442' title='bbox 1601 4337 1674 4436; x_wconf 76' lang='grc' dir='ltr'><strong><em>τὴν</em></strong></span> <span class='ocrx_word' id='word_1_443' title='bbox 1694 4339 1774 4430; x_wconf 86' lang='grc' dir='ltr'><strong><em>μίαν</em></strong></span> <span class='ocrx_word' id='word_1_444' title='bbox 1788 4341 1901 4430; x_wconf 74' lang='grc' dir='ltr'><strong><em>ἔχοντα</em></strong></span> <span class='ocrx_word' id='word_1_445' title='bbox 1916 4349 1950 4412; x_wconf 86' lang='lat' dir='ltr'>et</span> <span class='ocrx_word' id='word_1_446' title='bbox 1968 4363 2024 4430; x_wconf 88' lang='lat' dir='ltr'>per</span> <span class='ocrx_word' id='word_1_447' title='bbox 2039 4363 2072 4414; x_wconf 87' lang='lat' dir='ltr'>se</span> <span class='ocrx_word' id='word_1_448' title='bbox 2090 4347 2177 4430; x_wconf 84' lang='lat' dir='ltr'>patet</span> 
     </span>
     <span class='ocr_line' id='line_1_35' title="bbox 306 4439 2177 4542; baseline -0.003 -20"><span class='ocrx_word' id='word_1_449' title='bbox 306 4461 338 4524; x_wconf 88' lang='lat' dir='ltr'>et</span> <span class='ocrx_word' id='word_1_450' title='bbox 369 4461 472 4528; x_wconf 73' lang='lat' dir='ltr'>emtat</span> <span class='ocrx_word' id='word_1_451' title='bbox 501 4457 585 4542; x_wconf 88' lang='lat' dir='ltr'>apud</span> <span class='ocrx_word' id='word_1_452' title='bbox 615 4457 707 4541; x_wconf 86' lang='lat' dir='ltr'>Diog.</span> <span class='ocrx_word' id='word_1_453' title='bbox 733 4457 837 4522; x_wconf 80' lang='lat' dir='ltr'>baert.</span> <span class='ocrx_word' id='word_1_454' title='bbox 860 4455 932 4534; x_wconf 83' lang='lat' dir='ltr'>vn,</span> <span class='ocrx_word' id='word_1_455' title='bbox 958 4457 1031 4522; x_wconf 86' lang='lat'>125.</span> <span class='ocrx_word' id='word_1_456' title='bbox 1076 4455 1188 4521; x_wconf 87' lang='lat' dir='ltr'>Paullo</span> <span class='ocrx_word' id='word_1_457' title='bbox 1218 4455 1301 4520; x_wconf 86' lang='lat' dir='ltr'>infra</span> <span class='ocrx_word' id='word_1_458' title='bbox 1330 4453 1485 4536; x_wconf 84' lang='lat' dir='ltr'>Madvigii</span> <span class='ocrx_word' id='word_1_459' title='bbox 1515 4456 1696 4522; x_wconf 88' lang='lat' dir='ltr'>coniectura</span> <span class='ocrx_word' id='word_1_460' title='bbox 1725 4456 1802 4522; x_wconf 88' lang='lat' dir='ltr'>haec</span> <span class='ocrx_word' id='word_1_461' title='bbox 1830 4453 2100 4522; x_wconf 87' lang='lat' dir='ltr'>commendantis:</span> <span class='ocrx_word' id='word_1_462' title='bbox 2132 4439 2177 4528; x_wconf 77' lang='grc' dir='ltr'>ὡς</span> 
     </span>
     <span class='ocr_line' id='line_1_36' title="bbox 305 4553 2177 4652; baseline -0.003 -22"><span class='ocrx_word' id='word_1_463' title='bbox 305 4553 414 4648; x_wconf 62' lang='lat' dir='ltr'>(doro)</span> <span class='ocrx_word' id='word_1_464' title='bbox 438 4561 549 4632; x_wconf 74' lang='grc' dir='ltr'><strong><em>δεινῶν</em></strong></span> <span class='ocrx_word' id='word_1_465' title='bbox 571 4557 768 4652; x_wconf 64' lang='grc' dir='ltr'><strong><em>φαντασίαις</em></strong></span> <span class='ocrx_word' id='word_1_466' title='bbox 790 4557 1032 4652; x_wconf 73' lang='grc' dir='ltr'><strong><em>ἐπιφερομένων</em></strong></span> <span class='ocrx_word' id='word_1_467' title='bbox 1053 4557 1148 4626; x_wconf 84' lang='grc' dir='ltr'><strong><em>τινῶν</em></strong></span> <span class='ocrx_word' id='word_1_468' title='bbox 1174 4581 1237 4628; x_wconf 89' lang='lat' dir='ltr'>non</span> <span class='ocrx_word' id='word_1_469' title='bbox 1267 4562 1374 4628; x_wconf 90' lang='lat' dir='ltr'>omnia</span> <span class='ocrx_word' id='word_1_470' title='bbox 1403 4561 1537 4646; x_wconf 86' lang='lat' dir='ltr'>expedit,</span> <span class='ocrx_word' id='word_1_471' title='bbox 1567 4581 1669 4644; x_wconf 90' lang='lat' dir='ltr'>neque</span> <span class='ocrx_word' id='word_1_472' title='bbox 1700 4562 1785 4628; x_wconf 85' lang='lat' dir='ltr'>enim</span> <span class='ocrx_word' id='word_1_473' title='bbox 1815 4561 1893 4628; x_wconf 80' lang='lat' dir='ltr'>visis</span> <span class='ocrx_word' id='word_1_474' title='bbox 1922 4560 2105 4628; x_wconf 82' lang='lat' dir='ltr'>formidines</span> <span class='ocrx_word' id='word_1_475' title='bbox 2128 4560 2177 4624; x_wconf 89' lang='lat' dir='ltr'>in·</span> 
     </span>
     <span class='ocr_line' id='line_1_37' title="bbox 305 4665 2172 4753; baseline -0.005 -15"><span class='ocrx_word' id='word_1_476' title='bbox 305 4671 452 4738; x_wconf 80' lang='lat' dir='ltr'>teruntur</span> <span class='ocrx_word' id='word_1_477' title='bbox 481 4671 588 4736; x_wconf 90' lang='lat' dir='ltr'>animo</span> <span class='ocrx_word' id='word_1_478' title='bbox 618 4671 673 4735; x_wconf 92' lang='lat' dir='ltr'>sed</span> <span class='ocrx_word' id='word_1_479' title='bbox 703 4672 774 4753; x_wconf 88' lang='lat' dir='ltr'>ipsa</span> <span class='ocrx_word' id='word_1_480' title='bbox 802 4669 941 4736; x_wconf 88' lang='lat' dir='ltr'>terrifica</span> <span class='ocrx_word' id='word_1_481' title='bbox 972 4669 1040 4733; x_wconf 81' lang='lat' dir='ltr'>sisa</span> <span class='ocrx_word' id='word_1_482' title='bbox 1070 4669 1101 4732; x_wconf 83' lang='lat' dir='ltr'>vi</span> <span class='ocrx_word' id='word_1_483' title='bbox 1125 4668 1261 4750; x_wconf 85' lang='lat' dir='ltr'>quadam</span> <span class='ocrx_word' id='word_1_484' title='bbox 1282 4687 1317 4733; x_wconf 91' lang='lat' dir='ltr'>se</span> <span class='ocrx_word' id='word_1_485' title='bbox 1340 4666 1482 4734; x_wconf 82' lang='lat' dir='ltr'>inierunt</span> <span class='ocrx_word' id='word_1_486' title='bbox 1504 4668 1692 4734; x_wconf 91' lang='lat' dir='ltr'>hominibus.</span> <span class='ocrx_word' id='word_1_487' title='bbox 1738 4665 1825 4747; x_wconf 84' lang='lat' dir='ltr'>Quae</span> <span class='ocrx_word' id='word_1_488' title='bbox 1848 4666 1961 4734; x_wconf 90' lang='lat' dir='ltr'>deinde</span> <span class='ocrx_word' id='word_1_489' title='bbox 1984 4669 2172 4748; x_wconf 85' lang='lat' dir='ltr'>sequuntur:</span> 
     </span>
     <span class='ocr_line' id='line_1_38' title="bbox 307 4761 2178 4862; baseline -0.004 -18"><span class='ocrx_word' id='word_1_490' title='bbox 307 4769 365 4844; x_wconf 83' lang='grc' dir='ltr'><strong><em>τὸν</em></strong></span> <span class='ocrx_word' id='word_1_491' title='bbox 386 4773 445 4861; x_wconf 80' lang='grc' dir='ltr'><strong><em>μίν</em></strong></span> <span class='ocrx_word' id='word_1_492' title='bbox 467 4771 612 4860; x_wconf 71' lang='grc' dir='ltr'><strong><em>ἐμμένειν</em></strong></span> <span class='ocrx_word' id='word_1_493' title='bbox 632 4778 704 4854; x_wconf 77' lang='grc' dir='ltr'><strong><em>τοῖς</em></strong></span> <span class='ocrx_word' id='word_1_494' title='bbox 725 4770 795 4862; x_wconf 83' lang='grc' dir='ltr'>κρί</span> <span class='ocrx_word' id='word_1_495' title='bbox 801 4795 905 4858; x_wconf 86' lang='grc' dir='ltr'><strong><em>μασι</em></strong></span> <span class='ocrx_word' id='word_1_496' title='bbox 927 4765 983 4838; x_wconf 84' lang='grc' dir='ltr'><strong><em>τὸν</em></strong></span> <span class='ocrx_word' id='word_1_497' title='bbox 1005 4772 1034 4838; x_wconf 83' lang='grc' dir='ltr'>δ’</span> <span class='ocrx_word' id='word_1_498' title='bbox 1057 4761 1266 4862; x_wconf 73' lang='grc' dir='ltr'><strong><em>ἀφίστασθαι</em></strong></span> <span class='ocrx_word' id='word_1_499' title='bbox 1288 4791 1449 4839; x_wconf 74' lang='grc' dir='ltr'><strong><em>τοιουτου</em></strong></span> <span class='ocrx_word' id='word_1_500' title='bbox 1465 4772 1640 4843; x_wconf 85' lang='lat' dir='ltr'>Stoicorum</span> <span class='ocrx_word' id='word_1_501' title='bbox 1656 4771 2178 4858; x_wconf 83' lang='lat' dir='ltr'>doctrinaeparumrespoudeant.</span> 
     </span>
     <span class='ocr_line' id='line_1_39' title="bbox 307 4875 2178 4964; baseline -0.003 -14"><span class='ocrx_word' id='word_1_502' title='bbox 307 4883 529 4955; x_wconf 74' lang='lat' dir='ltr'>nicatorem</span> <span class='ocrx_word' id='word_1_503' title='bbox 552 4881 671 4952; x_wconf 83' lang='lat' dir='ltr'>dehac</span> <span class='ocrx_word' id='word_1_504' title='bbox 694 4883 762 4964; x_wconf 88' lang='lat' dir='ltr'>ipsa</span> <span class='ocrx_word' id='word_1_505' title='bbox 784 4901 818 4947; x_wconf 89' lang='lat' dir='ltr'>ro</span> <span class='ocrx_word' id='word_1_506' title='bbox 834 4881 973 4964; x_wconf 76' lang='lat' dir='ltr'>Epicteti</span> <span class='ocrx_word' id='word_1_507' title='bbox 996 4881 1100 4948; x_wconf 90' lang='lat' dir='ltr'>locum</span> <span class='ocrx_word' id='word_1_508' title='bbox 1122 4901 1141 4954; x_wconf 88' lang='lat' dir='ltr'>a</span> <span class='ocrx_word' id='word_1_509' title='bbox 1164 4877 1267 4946; x_wconf 81' lang='lat' dir='ltr'>Gellio</span> <span class='ocrx_word' id='word_1_510' title='bbox 1292 4882 1343 4946; x_wconf 88' lang='grc'>19.</span> <span class='ocrx_word' id='word_1_511' title='bbox 1368 4883 1397 4946; x_wconf 90' lang='grc'>1.</span> <span class='ocrx_word' id='word_1_512' title='bbox 1424 4881 1464 4945; x_wconf 83' lang='grc'>17</span> <span class='ocrx_word' id='word_1_513' title='bbox 1488 4881 1587 4946; x_wconf 90' lang='lat' dir='ltr'>latino</span> <span class='ocrx_word' id='word_1_514' title='bbox 1611 4898 1752 4956; x_wconf 86' lang='lat' dir='ltr'>sermone</span> <span class='ocrx_word' id='word_1_515' title='bbox 1779 4877 1951 4946; x_wconf 91' lang='lat' dir='ltr'>traditum:</span> <span class='ocrx_word' id='word_1_516' title='bbox 1979 4875 2059 4944; x_wconf 78' lang='grc' dir='ltr'><strong><em>Οιινιι</em></strong></span> <span class='ocrx_word' id='word_1_517' title='bbox 2080 4895 2178 4944; x_wconf 80' lang='lat' dir='ltr'>sonus</span> 
     </span>
    </p>
   </div>
   <div class='ocr_carea' id='block_1_7' title="bbox 0 0 2380 5604">
    <p class='ocr_par' dir='ltr' id='par_1_7' title="bbox 0 0 2380 5604">
     <span class='ocr_line' id='line_1_40' title="bbox 0 0 2380 5604; baseline 0 0"><span class='ocrx_word' id='word_1_518' title='bbox 0 0 2380 5604; x_wconf 95' lang='lat' dir='ltr'> </span> 
     </span>
    </p>
   </div>
  </div>
 </body>
</html>
