4718 5604
1016 433 1211 496 ..7-

166 645 255 724 quod
283 643 398 710 ὁοιιιιινι
427 647 476 724 eil,
506 645 541 709 id
570 663 635 708 esse
664 643 804 724 audibile,
833 645 916 726 quod
944 644 1076 726 amabile
1105 644 1140 708 id
1167 643 1377 724 expetendum
1407 644 1488 724 quod
1510 643 1710 724 expetordum
1732 643 1766 706 id
1787 643 1951 721 laudabile,
1974 645 2046 709 dela

168 749 290 833 reliqui
320 751 438 834 modus
468 751 520 832 (de
544 752 630 816 finib.
657 751 707 815 Ν.
735 753 784 827 18,
818 754 911 832 paulo
943 755 1064 816 variata
1094 753 1131 817 de
1164 751 1217 814 liu.
1249 749 1305 814 ΠΙ.
1330 751 1359 812 8.
1384 751 1424 812 27
1450 769 1475 812 e.
1500 755 1564 813 not.
1587 750 1716 829 Mdvg.),
1749 750 1861 814 ileinde
1895 743 1933 813 τὸ
1965 738 2044 833 ἆγο-

167 847 237 918 θόν
260 849 387 942 χαρτόν,
414 849 448 922 τό
472 855 508 921 δὲ
530 849 646 940 χαρτὸν
669 849 791 939 σεμνόν,
818 850 851 922 rb
876 855 912 922 δὲ
935 851 1049 940 σεμνὸν
1072 849 1169 920 καλόν
1191 881 1233 907 =
1256 856 1349 920 Tusc.
1373 854 1408 918 V.
1435 853 1485 918 15.
1510 859 1569 919 43:
1594 855 1817 920 omnebonum
1837 856 1978 920 umbrie
1992 861 2045 934 esi,

166 963 256 1044 quod
278 968 381 1027 ακλεινι
404 963 552 1040 laetabile,
582 963 617 1028 id
643 965 889 1045 praedicundum
919 971 947 1031 et
973 985 1052 1047 prae
1081 959 2046 1046 seruaturum,quilruleaaeu,1ruatamproi·rosum,si

168 1087 242 1132 uero
267 1068 446 1152 gloriosum,
477 1075 557 1134 eerle
580 1069 743 1148 laudabile,
774 1072 855 1152 qsuod
876 1071 1032 1136 λιιισιιθὶλο
1053 1077 1164 1146 rimeris,
1188 1069 1328 1150 prolecto
1359 1069 1453 1132 αιόιιι
1481 1067 1656 1145 lzouesluau,¹
1687 1069 1768 1149 quod
1797 1069 1909 1134 θοιιιιιιι
1941 1071 2045 1152 igilur,

168 1173 346 1240 lroueslum.
392 1177 452 1240 His
477 1178 575 1258 igitur
598 1177 703 1240 soritis
728 1179 809 1241 iuter
832 1197 864 1242 se
888 1180 1043 1261 copulatis
1067 1179 1168 1242 utitur
1191 1175 1389 1248 Plutarchus,
1419 1179 1455 1236 ut
1477 1173 1633 1250 dilemma,
1665 1194 1725 1256 quo
1750 1175 1957 1258 Chrysippum
1980 1177 2045 1238 dis·

167 1282 296 1344 crimen
328 1282 411 1345 inter
441 1283 521 1348 bona
552 1284 718 1348 admittere
750 1286 869 1353 (luceat.
901 1287 984 1349 hunc
1016 1288 1047 1350 in
1081 1285 1204 1349 modum
1236 1285 1418 1362 componat:
1452 1279 1523 1344 Sive
1551 1299 1641 1343 mnne
1666 1282 1781 1345 bonum
1805 1287 1853 1345 est
1877 1281 2044 1357 laudabile,

168 1387 335 1451 laudabile
351 1393 400 1452 est
415 1389 574 1454 abstinere
590 1409 609 1453 a
625 1392 741 1466 vetirla,
766 1391 831 1456 sire
847 1411 910 1456 non
927 1395 975 1455 est
990 1411 1082 1456 onrne
1099 1393 1214 1454 honum
1231 1387 1400 1460 laudabile,
1417 1406 1479 1450 non
1496 1403 1587 1448 umus
1604 1386 1719 1450 bonnm
1737 1391 1784 1450 est
1800 1407 1858 1451 nec
1874 1388 2045 1468 gloriosum

169 1513 233 1556 ricc
258 1493 402 1574 optabile.
449 1495 566 1560 Graece
591 1497 688 1576 igitur
711 1497 856 1577 scripsit:
881 1491 946 1560 εἴτε
969 1486 1021 1578 [σι’1
1046 1496 1112 1558 recia
1136 1484 1263 1578 elycibbu
1286 1487 1462 1570 ἐιταινετόν,
1487 1481 1575 1572 abdil
1601 1491 1667 1554 πᾶν
1690 1481 1818 1575 ἀγαθὸν
1841 1483 1913 1556 obre
1933 1485 2046 1574 σεμνὸν

168 1620 248 1662 orte
272 1621 397 1682 χαρτον.

339 1809 410 1890 Cap.
437 1810 518 1874 xvi.
566 1811 601 1873 ln
627 1813 691 1875 loeo
716 1813 753 1876 de
778 1814 945 1890 iniustitia,
971 1833 1063 1896 quem
1089 1814 1234 1878 Reislrius
1251 1811 1399 1894 Sphingis
1416 1812 1593 1889 aenigmate
1610 1807 1818 1872 obscuriorem
1835 1809 1924 1886 dixit,
1942 1803 2046 1873 orruria

171 1935 226 1977 me
250 1915 469 1979 absoluturum
494 1935 561 1978 esse
586 1937 645 1982 ιιοιι
672 1921 827 1999 promitto.
874 1921 1003 1986 'lractat
1028 1921 1165 1985 Stoicam
1190 1921 1275 1984 illam
1293 1919 1498 1982 seutentiam:
1515 1906 1532 1978 b
1550 1905 1647 1978 bstou
1663 1903 1783 1978 ἇθικιῦν
1798 1906 1911 1977 ἑαυτὸν
1931 1904 2044 1979 ἀδικεῖ.

172 2021 300 2086 Profert
323 2021 385 2085 tria
409 2028 605 2102 argumenta,
631 2043 728 2087 urrrrm
752 2025 963 2103 Platonicum,
989 2027 1093 2090 Stoica
1115 2029 1185 2090 duo.
1233 2027 1322 2088 Plato
1346 2023 1498 2104 (Sophist.
1523 2025 1596 2086 228.
1620 2021 1662 2099 Α)
1686 2023 1772 2098 dicit,
1796 2021 1912 2101 inipso
1930 2023 2045 2086 iniusto

172 2128 302 2192 homine
326 2129 415 2208 quasi
438 2131 516 2194 duos
540 2149 607 2194 esse
632 2130 772 2194 homines
797 2132 849 2212 qui
882 2152 986 2196 securo
1018 2137 1161 2214 pugnent
1192 2137 1224 2194 et
1255 2133 1333 2194 alter
1364 2131 1456 2193 alteri
1489 2133 1632 2192 noceant.
1679 2127 1745 2192 Hae
1776 2129 2045 2207 urgrmrentatioue

171 2233 293 2297 reiecta
321 2253 383 2298 rem
408 2239 514 2299 tamen
540 2236 640 2317 ipsam
663 2227 713 2299 ὅτι
736 2224 754 2300 ὁ
779 2225 876 2300 ἄλλον
900 2226 1020 2316 ἀδικῶν
1042 2229 1155 2300 ἑαυτὸν
1179 2225 1283 2300 ἀοι-νεῖ
1314 2237 1508 2317 Chrysippus
1539 2223 1635 2299 terret
1657 2235 1839 2314 duabusque
1871 2235 2045 2298 rationibus

173 2339 365 2419 (dequibus
389 2341 428 2406 ei.
452 2341 555 2406 Madv.
580 2344 618 2406 ad
651 2342 714 2407 (lic.
737 2345 767 2408 d.
790 2345 844 2410 lin.
871 2344 927 2408 111.
952 2347 1004 2409 21.
1029 2346 1085 2426 cs)
1110 2345 1230 2426 probat,
1260 2363 1392 2424 quarum
1419 2362 1481 2406 uua
1512 2361 1547 2404 ex
1580 2343 1678 2422 ipsius
1711 2341 1888 2405 iniustitiae
1920 2345 2044 2414 natura,

175 2447 280 2509 altera
310 2465 345 2510 ex
378 2448 540 2512 homiuum
572 2449 721 2514 societate
745 2452 881 2532 repetita
904 2455 962 2514 est.
1009 2450 1150 2514 Primum
1175 2451 1259 2514 enim
1283 2452 1329 2514 sio
1353 2451 1427 2512 licet
1451 2448 1654 2512 concludere:
1687 2449 1740 2528 qm
1773 2449 1906 2511 alterum
1938 2433 2044 2522 laedit,

176 2553 295 2616 iniuste
330 2555 414 2634 agit,
437 2557 504 2646 ¹qni
529 2557 646 2647 iniuste
681 2558 757 2640 agit,
794 2559 929 2638 turpiter
963 2558 1046 2637 agit,
1081 2559 1134 2638 qui
1171 2557 1307 2638 turpiter
1341 2557 1423 2636 agit,
1459 2556 1553 2618 miser
1587 2559 1652 2630 est,
1691 2556 1796 2636 itaquo
1827 2556 1880 2636 qui
1912 2556 2046 2618 alterum

177 2657 284 2736 laedit,
313 2679 388 2723 suae
412 2662 555 2725 miseriae
579 2664 646 2744 ipse
670 2667 718 2728 est
742 2669 859 2730 arrctor.
906 2663 1015 2728 Altera
1038 2663 1117 2726 ratio
1142 2663 1217 2727 haee
1240 2665 1305 2726 est:
1330 2663 1387 2724 ust
1417 2661 1575 2724 artissima
1607 2663 1759 2742 qliaedam
1790 2663 1874 2726 iuter
1894 2663 2046 2746 ,tornines

176 2765 316 2830 societas.
364 2767 422 2844 lta,
446 2769 598 2850 quidquid
623 2771 781 2852 quispiam
806 2771 887 2837 irrale
911 2771 996 2846 feeit,
1022 2770 1052 2832 id
1076 2787 1150 2832 strae
1174 2769 1383 2852 turpitudinis
1407 2767 1546 2832 fructum
1570 2769 1608 2832 ad
1632 2787 1740 2832 omues
1764 2770 1862 2832 nralos
1884 2771 2045 2848 propagat,

179 2875 328 2953 nocetque
352 2874 441 2952 mihi,
465 2877 490 2938 si
515 2877 617 2940 malus
642 2895 721 2953 surm,
745 2879 826 2958 quod
851 2879 953 2942 malus
977 2876 1091 2956 aliquis
1115 2875 1297 2954 longissime
1322 2895 1340 2939 a
1364 2895 1412 2938 mo
1436 2879 1574 2937 remotus
1606 2875 1688 2939 male
1719 2875 1804 2948 iacit.
1851 2874 1917 2938 Has
1948 2875 2047 2954 igitur

178 2981 468 3057 argumentationes
493 2981 682 3051 Plutarchus
707 2984 853 3064 proponit
876 2983 1059 3047 coniunctas
1084 3003 1147 3046 uon
1171 2981 1316 3045 confusas
1340 2985 1396 3044 aut
1427 2985 1595 3044 contortas.
1651 2981 1785 3044 Proinde
1815 2982 2047 3044 constituamus

178 3081 345 3165 Chrysippi
364 3087 456 3148 verba
479 3085 533 3166 §3
558 3089 619 3152 sie:
644 3075 790 3170 „013be
813 3088 882 3152 κατ’
900 3083 987 3152 idlae
1010 3082 1043 3150 al
1069 3075 1204 3164 ἆδικιάι,
1229 3079 1437 3172 συνεστήκασι
1461 3083 1497 3148 δὲ
1519 3083 1555 3148 ἐκ
1578 3079 1734 3148 ιτλειόνιον
1759 3077 1911 3171 τοιούτων
1935 3075 2046 3148 τᾶναν-

179 3185 231 3250 τιά
262 3183 482 3269 ιτασχόντων,“
514 3189 569 3256 καὶ
601 3181 706 3270 ἄλλως
736 3195 825 3274 (haec
849 3195 1039 3259 Plutarchus
1062 3196 1140 3258 dicit
1162 3225 1203 3249 =
1227 3198 1258 3257 et
1282 3195 1346 3272 alla
1368 3192 1520 3282 rational:
1545 3190 1620 3277 ,μιῆς
1644 3181 1772 3268 ἀδικίαιἱ
1795 3189 2045 3280 λαγιγθανομένιγς,

177 3283 221 3368 ὡς
244 3285 282 3356 lh
305 3291 338 3358 lu
361 3294 490 3362 ululant
513 3291 596 3382 ιτρός
618 3292 751 3374 ἑαυτοὺς
774 3299 829 3381 (=
852 3291 934 3384 πρὸς
958 3287 1126 3384 ἀλλήλους)
1150 3291 1252 3375 οὕτως
1275 3293 1431 3380 ἴχοι·σιν“.

338 3519 412 3603 Cap.
436 3523 502 3598 XX,
525 3523 543 3604 ς
567 3528 597 3589 3.
647 3526 701 3590 ua.
725 3527 794 3591 Par.
819 3527 913 3592 habet
935 3517 1152 3609 συμβιώσεται
1171 3527 1300 3610 βασιλεῖ
1316 3525 1370 3591 καὶ
1387 3517 1611 3614 στρατεύσεται
1626 3519 1707 3608 μετὰ
1721 3521 1890 3608 βασιλέως.
1938 3528 2046 3604 hlouet

177 3625 263 3704 Mdg.
287 3633 323 3690 ut
347 3629 520 3693 scribamus
543 3624 791 3714 συμβιώσεσθαι
814 3625 1134 3718 συστρατεύσεσθαι,
1159 3635 1223 3712 sed,
1247 3654 1318 3699 curn
1343 3635 1445 3698 facilis
1470 3635 1512 3696 sit
1536 3635 1688 3698 transitus
1721 3635 1760 3696 ab
1791 3634 1930 3710 oratione
1961 3638 2047 3697 recta

176 3731 213 3795 ad
237 3733 406 3816 obliquam,
431 3755 492 3799 non
516 3741 564 3800 est
588 3739 669 3819 qnod
693 3739 855 3820 vulgatam
880 3741 1045 3804 lectionem
1068 3747 1234 3805 mutemus.
1261 3777 1299 3783 ---
1324 3739 1341 3820 ᾖ
1367 3743 1395 3804 5.
1419 3738 1534 3804 Omnia
1558 3759 1634 3802 sana
1657 3759 1723 3802 esses
1749 3739 1797 3802 vix
1823 3741 1870 3802 est
1886 3737 2068 3818 credibile,

175 3839 328 3917 quomodo
352 3840 436 3903 enim
461 3859 509 3903 res
533 3845 707 3907 contrariae
730 3849 861 3926 possunt
884 3845 1009 3910 delendi
1033 3849 1132 3910 altera
1154 3837 1209 3908 διὰ
1232 3837 1306 3920 τούς
1329 3833 1460 3926 ὁμοίους
1478 3834 1714 3929 ὑπολογισμούς
1731 3843 1869 3926 (saepius
1886 3847 2046 3909 invenitur

179 3961 234 4006 von
258 3937 470 4028 ἐπιλογισμός
493 3947 531 4010 cl.
556 3947 626 4030 Wy.
650 3951 689 4013 ad
714 3951 797 4014 Plut.
821 3953 849 4016 d.
874 3949 945 4016 fid.
969 3951 1014 4033 6.)
1039 3953 1137 4016 altera
1160 3943 1215 4015 διὰ
1240 3943 1312 4027 τούς
1335 3947 1586 4038 παραπλησίους
1609 3944 1746 4034 λόγοιςθ
1773 3985 1810 3993 --
1836 3947 1854 4030 ἕ
1874 3955 1909 4016 11
1930 3953 2046 4030 rectius

177 4051 237 4113 erit
259 4051 285 4114 si
309 4051 442 4116 scribes:
466 4046 621 4138 καθάπερ
645 4047 684 4117 ol
707 4051 840 4132 πλείους
863 4048 1089 4142 πεποιήκασιν,
1113 4055 1130 4138 ξ
1157 4061 1196 4122 12
1221 4046 1285 4120 ἶυεό
1309 4056 1560 4144 συγγραφῆς.

337 4279 411 4363 Cap.
436 4280 520 4344 XXI.
567 4281 703 4363 leponit
727 4283 924 4362 Plutarchus,
947 4285 1120 4348 secundum
1145 4283 1319 4350 Stoicorum
1343 4285 1518 4348 doctrinam
1543 4301 1646 4348 rerum
1670 4287 1816 4346 naturam
1839 4301 1901 4348 uon
1925 4301 2047 4366 semper

177 4385 326 4462 utilitatis
349 4388 402 4451 sed
428 4387 586 4451 interdum
610 4387 706 4452 etiam
729 4389 974 4470 pulchritudiuis
998 4393 1029 4454 et
1052 4389 1227 4470 elegantiae
1251 4411 1317 4456 esse
1341 4391 1522 4454 studiosam.
1569 4391 1725 4473 Apparere
1760 4389 1818 4452 hoo
1850 4391 1982 4454 mammo
2014 4392 2047 4454 iu

177 4492 285 4557 caudis
313 4505 469 4576 pavonum
493 4493 545 4574 (oi.
570 4492 632 4558 Cio.
656 4495 685 4558 d.
709 4494 762 4558 fin.
787 4493 844 4572 111.Ι
868 4497 897 4559 5.
923 4495 981 4561 18:
1001 4495 1083 4572 Ιαλια
1104 4503 1207 4560 assem
1229 4496 1351 4561 ιιιι11σιιι
1372 4497 1408 4560 ob
1434 4495 1598 4560 militatem
1625 4496 1715 4576 quusi
1742 4495 1785 4559 od
1810 4497 1961 4576 ουευᾱοιιι
1996 4518 2045 4560 or-

175 4602 294 4676 uotrau,
315 4603 350 4663 ut
372 4600 471 4664 cauda
489 4600 624 4680 μουοιιλ,
652 4598 779 4680 phariae
800 4601 999 4666 υενοιοολονεε
1022 4601 1178 4682 salutabis,
1201 4604 1279 4667 uiris
1301 4623 1453 4666 ιιιαιιιιιιαο
1482 4606 1573 4684 alque
1596 4599 1715 4682 bubo).
1762 4601 1863 4666 Verba
1886 4601 2045 4666 Plutarchi

178 4706 216 4770 de
239 4703 406 4788 Chrysippi
429 4708 588 4771 sententia
610 4707 686 4770 haec
709 4709 785 4770 sunt
808 4709 840 4771 iu
864 4709 910 4774 ed.
933 4707 1018 4774 Pan:
1049 4695 1210 4772 Ἐνταῦθα
1239 4701 1299 4794 γὰρ
1329 4704 1479 4793 ἐμφαίνει
1508 4701 1545 4772 τὸ
1576 4705 1658 4793 ζῷον
1688 4705 1847 4792 γεγονέναι
1878 4704 1968 4772 ἕνεκα
1991 4705 2047 4792 τῆς

178 4807 293 4898 κέρκου
314 4808 371 4874 καὶ
394 4797 453 4874 οἰκ
475 4798 646 4890 banniri,
669 4809 716 4897 τῷ
739 4799 845 4898 lippari
869 4812 1022 4900 γινομένῳ
1046 4806 1147 4892 αἴτιος
1171 4805 1190 4900 ἢ
1212 4813 1374 4901 &plebelo
1398 4801 1623 4901 ἠκολούθηκεν.
1679 4813 1941 4895 wyttenbachius
1971 4813 2046 4875 haec

179 4917 377 4984 commendat
393 4923 424 4982 et
439 4917 536 4982 latine
555 4921 797 5001 interpretatur:
822 4916 866 5005 τῴ
890 4919 918 4982 δ’
943 4908 1049 5006 ὄρρενι
1072 4917 1228 5006 γενομένῳ
1251 4911 1353 4996 οὕτως
1377 4909 1391 4982 r‘
1418 4911 1536 4984 θι’λεια
1560 4918 1634 5002 γοῦν
1657 4907 1873 5005 ι’κολοῦθηκεν
1894 4921 2046 4996 υστ’λυνιιιιι
