4718 5604
1026 465 1221 530 ..5-

349 675 452 758 Caput
475 678 529 750 XI,
552 695 613 760 quo
637 677 828 742 Plutarchus
850 677 989 759 perlecta
1011 677 1068 742 illa
1090 677 1195 742 officia
1218 679 1399 761 impugnat,
1424 699 1504 763 quae
1528 697 1547 744 a
1569 678 1682 744 Stoicis
1705 671 1949 762 κατορθώματα
1971 697 2063 744 vcca-

189 779 317 858 bantur,
341 783 542 848 librariorum
564 783 688 849 incuria
711 803 774 852 non
807 803 870 849 uno
900 784 968 848 Ιοοο
998 784 1182 848 mutilatum
1213 787 1271 850 est.
1315 786 1449 850 Initium
1479 787 1537 850 hoc
1567 787 1633 850 cst:
1669 773 1715 848 Τὸ
1745 775 1949 869 κατόρθωμά
1979 803 2063 868 φασι

190 877 287 966 νόμον
301 879 496 973 πρόσταγμα
518 879 610 969 εἰναι,
633 881 672 955 τό
695 885 732 955 δέ
754 878 929 976 ἁμάρτημα
951 881 1050 970 νόμον
1073 877 1294 975 ἀπαγόρευμα,
1318 881 1369 954 όιύ
1391 881 1448 954 τόν
1470 881 1568 971 νόμον
1589 880 1699 954 πολλὰ
1720 891 1790 966 τοῖς
1812 882 1950 976 φαύλοις
1973 876 2062 954 άπα-

193 983 341 1076 γορεύειν,
366 987 579 1080 προστάττειν
601 991 638 1061 δέ
659 992 768 1083 μηδέν,
792 984 830 1060 οὐ
853 987 914 1080 γὰρ
936 988 1088 1060 δύνανται
1110 993 1302 1082 κατορθοῦν.
1348 995 1495 1062 Proxima
1517 997 1567 1060 his
1590 997 1667 1061 heac
1690 996 1856 1078 Chrysippi
1886 995 1982 1060 verba
2010 1011 2063 1060 ar·

191 1097 303 1163 uidisse
317 1101 411 1182 putat
425 1101 515 1183 Wy.:
539 1088 633 1166 οὐδέν
653 1105 724 1178 τοῖς
746 1103 864 1190 σοφοῖς
888 1090 1108 1187 ἀπαγορεύειν,
1132 1089 1170 1166 οὐ
1192 1093 1253 1188 γὰρ
1276 1093 1428 1166 δύνανται
1450 1089 1653 1187 ἁμαρτάνειν.
1693 1103 1735 1166 ut
1748 1105 1832 1166 recte
1848 1101 1925 1166 mihi
1940 1101 2063 1167 videtur

190 1201 244 1268 illc
261 1205 387 1270 sentire.
421 1207 514 1284 Nam,
538 1209 599 1272 nisi
615 1209 710 1273 rerba
733 1209 789 1273 illa
811 1207 1001 1284 adicientur,
1023 1211 1093 1272 tota
1114 1227 1194 1290 quae
1216 1209 1361 1290 sequitur
1383 1205 1557 1290 disputatio
1580 1227 1643 1272 non
1666 1207 1795 1272 habebit
1817 1227 1877 1290 quc
1901 1207 2063 1273 referatur.

191 1309 314 1392 Duplex
337 1313 443 1377 autem
466 1317 515 1378 est
537 1313 700 1378 Plutarchi
724 1315 900 1379 consilinm.
945 1313 1087 1378 Primum
1111 1314 1321 1391 demonstrat,
1352 1317 1462 1379 contra
1491 1332 1549 1378 sua
1578 1314 1718 1396 ipsorum
1748 1316 1913 1396 praccepta
1941 1313 2063 1378 Stoicos

190 1415 287 1480 ctiam
303 1419 453 1500 improbis
467 1411 722 1504 πρόσταγμα
737 1421 913 1502 imponerc;
928 1420 1082 1502 imperare
1104 1421 1188 1486 eninr
1204 1422 1301 1486 serris
1318 1422 1383 1485 suis
1398 1411 1658 1504 κατόρθωμα
1674 1433 1737 1484 non
1752 1415 1801 1500 μέ
1808 1439 1889 1484 σον.
1937 1417 1971 1484 Si
1992 1437 2063 1482 vero

190 1521 349 1604 sapientes
373 1523 489 1602 dicant,
521 1543 554 1591 se
577 1527 675 1591 serris
698 1527 763 1590 suis
786 1521 915 1606 μέσον
938 1526 1091 1608 imperare
1116 1526 1330 1607 [scribendum
1353 1527 1437 1593 enim
1461 1529 1510 1592 est
1532 1520 1563 1590 εἰ
1585 1521 1622 1590 δὲ
1643 1519 1729 1606 μέσα
1751 1517 2007 1609 προστάττουσιν
2030 1517 2060 1588 ci

190 1625 290 1715 σοφοὶ
311 1633 383 1707 τοῖς
404 1623 591 1710 (ἰούλοις,
621 1631 739 1697 reiecta
761 1631 915 1714 Madvigii
938 1632 1142 1714 coniectura],
1173 1634 1254 1698 nihil
1278 1635 1445 1716 impedire,
1476 1633 1553 1714 quin
1577 1623 1676 1714 νόμον
1698 1623 1893 1717 πρόσταγμα
1916 1629 1956 1694 ad
1978 1624 2063 1711 μέσα

190 1738 336 1816 spectans
360 1738 457 1802 ctiam
481 1738 630 1820 improbis
654 1739 843 1820 imponatur.
890 1737 1008 1803 Contra
1030 1759 1092 1802 non
1115 1739 1217 1804 solum
1240 1741 1389 1822 improbis
1413 1739 1587 1804 sedetiam
1614 1737 1812 1819 sapientibus
1842 1728 1942 1818 νόμου
1972 1722 2061 1798 άπα-

187 1831 371 1926 γορεάματα
386 1844 521 1926 iniungi
546 1863 619 1910 nam
634 1845 716 1910 male
731 1844 834 1910 lacera
849 1863 907 1908 sua
922 1863 1077 1928 quemque
1100 1845 1197 1909 vetari
1220 1846 1414 1910 cautione
1438 1845 1671 1920 straticho,
1695 1845 1778 1908 hanc
1801 1845 1907 1908 autem
1930 1843 2062 1908 candem

190 1963 259 2012 csse
281 1967 319 2014 ec
341 1949 452 2032 legem.
498 1949 568 2030 Qua
590 1951 630 2016 dc
657 1951 802 2015 cautione
833 1951 909 2016 hacc
939 1951 1035 2015 habet
1064 1951 1155 2031 Dicg.
1185 1951 1288 2024 baert.
1315 1949 1384 2027 Vll,
1411 1947 1494 2016 116:
1528 1947 1585 2016 καί
1613 1941 1671 2036 τήν
1700 1946 1759 2031 μὲν
1786 1940 1889 2035 χαράν
1918 1941 2065 2014 έναντίαν

190 2049 292 2139 φασίν
315 2048 360 2136 (οἰ
384 2053 532 2139 οτιυίκοί)
554 2047 637 2122 εἰναι
666 2054 706 2143 τῇ
735 2045 832 2143 ἡδονή
862 2041 961 2122 οὐοαν
990 2045 1120 2140 εὐλογον
1149 2049 1304 2142 ἔπαρσιν,
1334 2048 1391 2142 τήν
1422 2053 1458 2122 δὲ
1487 2044 1717 2140 εὐλάβειαν
1744 2053 1792 2142 τῷ
1822 2045 1933 2142 φόβῳ,
1965 2037 2065 2121 οὐσαν

191 2145 235 2222 εὐ
242 2157 366 2244 λογον
400 2155 609 2242 ἔκκλισιν,
644 2154 900 2249 φοβηθήσεσθαι
930 2159 989 2244 μίν
1018 2155 1079 2246 γάρ
1108 2153 1164 2227 τόν
1195 2154 1298 2251 σοφόν
1332 2150 1499 2244 οὐδαμῶς,
1534 2150 1822 2249 εὐλαβηθήσεσθαι
1859 2155 1896 2225 δέ
1925 2190 1968 2216 =
1999 2159 2064 2225 Cic.

190 2266 282 2332 Tusa.
306 2268 359 2344 IV,
383 2271 413 2334 6.
439 2271 496 2334 12:
523 2269 744 2352 ρυονιιααιηκε,
767 2273 803 2334 ut
825 2269 905 2336 boreo
927 2273 1045 2334 αιείιννα
1066 2270 1248 2352 appeticum,
1270 2271 1317 2334 sic
1331 2291 1352 2334 ο
1365 2269 1460 2335 mdes
1478 2275 1598 2335 οοέκνο
1611 2268 1813 2347 declinantur,
1835 2288 1914 2350 φιιαε
1935 2265 2064 2332 decli·

190 2375 306 2440 natio
336 2395 423 2440 οκνκ
451 2376 618 2441 ratione
640 2377 709 2458 βεί,
740 2377 878 2441 cautio
901 2375 1073 2456 appelletur
1095 2396 1190 2458 εαηαι
1211 2375 1410 2460 ι’κισέίιραέκν
1431 2377 1468 2440 ia
1490 2375 1555 2441 scic
1578 2396 1642 2440 esse
1664 2375 1807 2457 sapienti
1852 2373 1944 2438 Hanc
1966 2373 2072 2454 igitur

190 2480 345 2546 cantionis
369 2481 584 2548 definitionem
607 2483 635 2546 si
657 2483 808 2546 memoria
830 2482 1007 2546 tenebimus
1032 2516 1073 2526 -
1091 2485 1129 2562 ‚et
1151 2481 1256 2548 tenuit
1278 2481 1469 2547 Plutarchus
1501 2517 1540 2527 -
1573 2500 1611 2546 ea
1640 2499 1720 2563 quaa
1749 2483 1924 2562 sequuntur
1954 2478 2064 2544 licebit

191 2585 275 2651 hune
297 2586 332 2650 in
354 2588 483 2652 modum
505 2588 686 2654 restituere:
710 2575 824 2652 οὐκοῦν
846 2585 902 2652 καί
925 2576 944 2674 ή
968 2575 1100 2674 ἀφορμή
1123 2579 1218 2671 λόγος
1241 2573 1495 2672 ἀπαγορευτικὸς
1518 2584 1574 2652 καί
1597 2575 1616 2673 ἡ
1639 2575 1769 2670 εὐλογος
1791 2579 1942 2662 ἰίικίισις·
1965 2581 2022 2649 καί
2045 2573 2064 2669 ἡ

190 2679 341 2776 εὐλάβεια
363 2688 471 2758 τοίνυν
493 2685 587 2778 λόγος
609 2689 697 2760 ἐστὶν
720 2681 974 2779 ἀπαγορευτικὸς
995 2691 1042 2780 api
1064 2691 1169 2781 σοφῷ.

351 2903 425 2986 Cap.
456 2903 527 2969 XII.
586 2902 793 2986 Scripseritne
823 2903 1017 2985 Chrysippus
1047 2899 1104 2966 καί
1136 2893 1193 2988 τήν
1227 2889 1477 2988 εὐχρηστίαν
1511 2897 1567 2966 καί
1600 2893 1657 2987 τήν
1690 2892 1792 2984 χαράν
1825 2895 1872 2978 εἰς
1904 2891 1947 2964 τά
1980 2897 2065 2982 μέσα

191 3005 360 3074 διατείνειν
382 3029 422 3074 au
446 2997 725 3095 εὐχαριστίαν
746 3011 905 3075 dubitavit
920 2995 1110 3092 Stephanus.
1146 3009 1274 3074 Habent
1289 3011 1395 3072 autem
1412 3009 1533 3074 codices
1549 3007 1788 3090 Wyttenbachii
1803 2995 2065 3093 εὐχρηστίαν,

190 3115 299 3196 itaque
322 3119 448 3180 maneat
471 3116 548 3180 haec
570 3117 665 3180 lectio
688 3136 745 3200 per
767 3135 800 3182 τε
823 3115 998 3198 aptissima.
1043 3116 1127 3180 lllud
1151 3115 1234 3180 enirn
1258 3115 1445 3180 contendere
1469 3114 1566 3179 Stoici
1588 3133 1651 3179 nnn
1683 3115 1862 3189 desierunt,
1891 3115 2065 3196 plurimum

191 3221 342 3287 interesse
373 3223 456 3286 inter
485 3210 691 3308 εὐχρηστα
722 3219 951 3304 (commoda)
982 3225 1016 3287 et
1043 3213 1226 3306 χρήσιμα
1257 3222 1321 3286 sive
1352 3207 1503 3306 ὠφέλιμα
1534 3215 1861 3302 (emolumenta);
1891 3221 1969 3285 hacc
1998 3237 2066 3284 esee

191 3327 283 3404 bone,
308 3327 363 3392 illa
385 3329 476 3393 modo
499 3324 755 3414 προηγμένα.
810 3327 941 3410 Spectat
963 3329 1025 3392 huc
1048 3328 1184 3393 maxime
1207 3329 1295 3394 locus
1319 3327 1480 3394 Ciceronis
1502 3327 1540 3392 da
1563 3325 1652 3390 finib.
1674 3325 1733 3404 111,
1757 3329 1808 3391 21.
1832 3327 1892 3392 69:
1933 3324 1975 3392 Ut
1995 3345 2066 3393 vcro

192 3437 390 3497 οοννεενυείκν
411 3435 515 3498 omnis
535 3434 655 3500 ίιοανίννί
681 3453 757 3518 cryc
785 3435 940 3501 ίιοννιίνειννν
968 3435 1099 3500 suadas
1122 3483 1129 3499 .
1153 3439 1212 3500 ,εἰ
1240 3433 1446 3500 εκιοίιιαεννίο
1467 3437 1497 3498 et
1524 3432 1709 3498 ιίαίνίννιεκία
1738 3419 2008 3519 (ὠφελήματα
2037 3436 2067 3496 εἰ

190 3526 424 3617 βλόμματα
446 3539 621 3618 appellant)
642 3542 820 3605 οονοααννία
842 3561 907 3606 aesc
929 3540 1093 3606 coluerunt
1115 3589 1122 3606 .
1145 3588 1154 3604 .
1177 3588 1184 3604 .
1206 3558 1306 3621 νιεφυε
1326 3539 1428 3604 sclusa
1449 3560 1487 3604 ιο
1509 3539 1687 3605 cumcuma
1714 3557 1822 3604 οενιονι
1851 3538 1944 3604 utam
1966 3537 2067 3621 porto

191 3661 257 3706 εεεε
277 3641 442 3720 dumet,
464 3643 659 3710 ἰννοουνναοάιι
680 3649 784 3710 auiam
805 3649 833 3710 εἰ
856 3647 1014 3711 ιυνκαιοάο
1035 3647 1097 3728 (iia
1118 3647 1202 3710 ιοίνκ
1224 3631 1465 3730 εὐχρηστήματα
1488 3649 1517 3710 ct
1538 3636 1805 3731 όυσχρησεήματα
1827 3639 1963 3726 appella)
1986 3659 2066 3708 οσον-

191 3747 303 3812 mania
324 3768 389 3812 εεει
410 3747 582 3828 υοίιιετυνιί,
598 3753 698 3834 μανία
718 3750 896 3828 uoluerunt,
919 3751 971 3814 cui
992 3751 1061 3818 loco
1084 3753 1286 3833 adiungenda
1307 3755 1384 3816 sunt
1405 3769 1486 3833 quae
1508 3751 1607 3816 Notit.
1631 3753 1684 3827 20,
1709 3753 1739 3815 2.
1762 3750 1915 3832 legimus:
1943 3740 1986 3814 τὰ
2007 3745 2066 3830 μέν

191 3849 378 3939 προηγμένα
400 3851 456 3920 καί
479 3847 667 3942 luparciaci
689 3848 725 3943 νή
748 3853 814 3938 Δίᾳ
836 3844 1001 3943 εὐχρηστα.
2137 3843 2149 3864 “

352 3984 427 4068 Cap.
450 3985 521 4066 XII,
544 3991 575 4053 4.
621 3990 726 4055 unitio
749 3989 895 4055 Parisina
916 3989 993 4055 haec
1015 3988 1154 4054 exhibet:
1178 3987 1250 4065 πῶς
1272 3973 1328 4053 οὐν
1350 3976 1523 4055 όποκναίιι
1545 4038 1554 4054 .
1579 4037 1587 4054 .
1611 3980 1744 4076 γράφων
1766 3976 1811 4064 ὡς
1834 3979 2066 4069 ,οἰκειούμεθα

192 4080 275 4174 πρὸς
290 4077 407 4168 αὐτούς
421 4079 520 4170 εὐθὺς
535 4086 696 4178 γενόμενοι
711 4087 824 4160 καὶτὰ
838 4091 918 4182 μέρη
934 4092 990 4160 καί
1005 4087 1048 4159 τά
1062 4089 1177 4179 ἔκγονα
1192 4087 1234 4160 τὰ
1249 4089 1407 4175 έαντῶν;“
1431 4095 1519 4176 Quae
1535 4097 1581 4160 ris
1599 4099 1682 4160 asset
1696 4094 1794 4161 Stoici
1816 4095 1904 4159 verbi
1927 4088 2066 4164 οἰκειοῦν

192 4197 335 4280 exposuit
349 4217 421 4263 cum
437 4197 521 4264 Plut
538 4201 637 4266 Notit
662 4204 682 4267 4
705 4205 775 4267 tum
790 4203 880 4284 Diog.
898 4203 999 4268 baert.
1015 4201 1087 4278 Vll,
1104 4201 1157 4265 85.
1190 4199 1241 4266 Ad
1264 4203 1321 4266 hoc
1344 4202 1449 4284 ipsum
1465 4200 1633 4284 Chrysippi
1656 4201 1689 4266 in
1712 4219 1774 4283 quo
1795 4219 1883 4265 nunc
1904 4219 2066 4267 vereamur

191 4308 395 4388 praeceptum
426 4308 550 4388 spectat
580 4304 739 4373 Cic'arcnis
770 4309 858 4373 locus
889 4307 941 4390 (de
971 4309 1059 4374 finib.
1091 4308 1150 4385 ΙΙΙ,
1181 4309 1212 4384 5,
1246 4309 1318 4390 lbi:
1353 4307 1460 4374 Placet
1481 4308 1532 4373 bia
1553 4357 1561 4372 .
1584 4357 1592 4372 .
1615 4356 1623 4372 .
1645 4305 1741 4372 simut
1766 4310 1858 4390 οέηυι
1884 4312 1995 4372 κοίνου
2022 4307 2066 4374 sit

190 4406 314 4476 σννίνιαί
336 4461 343 4476 .
365 4461 374 4477 .
397 4462 404 4476 .
426 4413 531 4495 φονον
552 4413 613 4478 abi
635 4413 868 4480 conciliari
890 4419 920 4480 et
941 4414 1218 4481 commendari
1239 4415 1283 4479 nd
1302 4433 1335 4480 ει
1357 4413 1611 4479 commmodum.
1649 4413 1761 4495 ltaque
1777 4413 1978 4479 scribendum
2001 4417 2063 4482 est:

192 4504 237 4593 ὡς
259 4509 471 4600 οἰκειούμεθα
493 4509 577 4604 πρὸς
599 4507 752 4596 αὐτούς
775 4548 817 4574 =
839 4513 923 4607 πρὸς
945 4509 1031 4606 ἡμᾶς
1053 4507 1179 4600 αὐτούς,
1203 4523 1348 4604 quaeest
1364 4521 1740 4604 wyttenbachiiqncquc
1759 4519 1865 4584 lectio.
1904 4517 1951 4585 Cf.
1967 4519 2064 4585 etiam

191 4622 330 4706 Madvig.
353 4641 465 4689 comm.
488 4625 528 4690 ad
551 4623 615 4690 Cic.
638 4625 668 4690 d.
691 4625 779 4690 finib.
802 4643 855 4708 μς.
878 4629 943 4692 816
966 4627 1014 4692 ed.
1037 4626 1079 4691 ΙΙ.
1102 4626 1175 4692 Not.
1198 4629 1230 4692 3.

350 4832 425 4916 Cap.
449 4832 537 4902 XIII·
560 4838 591 4902 3.
636 4834 831 4919 Chrysippus
853 4829 1047 4902 haecdicit:
1069 4827 1153 4917 τάχα
1175 4828 1237 4922 γάρ
1259 4823 1390 4920 άγαθού
1416 4823 1513 4922 αὐτῆς
1542 4833 1613 4922 (τῆς
1641 4821 1769 4922 ήόονής)
1793 4823 2061 4920 ἇπολειπομένης,

190 4933 302 5018 τέλους
324 4935 361 5006 ct
382 4931 437 5022 μα’,
459 4937 524 5004 τείν
546 4937 583 5006 δέ
605 4939 647 5007 δι’
670 4929 776 5006 αὐτῶν
798 4935 934 5026 αἰρετοίν
955 4929 1047 5020 ἰίντος
1069 4939 1126 5008 καί
1147 4939 1206 5008 τού
1227 4940 1338 5022 καλοῦ,
1362 4935 1518 5024 σοίζοιμεν
1544 4931 1584 5006 bb
1604 4933 1662 5030 τήν
1687 4933 1899 5026 δικαιοσύνην.
1944 4939 2063 5010 bladam
