4718 5604
1033 423 1228 484 „3-

193 661 264 722 ego
282 659 374 705 vere
391 640 601 721 Diogenes
622 655 711 701 esse
732 637 893 710 sellem,
909 634 1046 717 prinrunr
1059 630 1297 715 grammaticam
1315 649 1459 712 graecurn
1472 630 1648 713 negligunt,
1660 651 1760 712 neque
1772 632 2062 698 enimvoluntae

194 749 276 814 inest
309 747 341 812 in
374 745 476 812 verbis
501 733 603 830 ἥμην
631 732 678 806 όν
700 767 742 794 =
765 725 802 826 ἦν
833 728 881 820 όν,
913 757 992 822 qnae
1023 757 1185 820 nunquam
1216 741 1379 822 ponuntur
1410 756 1465 820 pro
1497 728 1733 824 ἐβουλόμην
1765 726 1820 802 όν.
1866 737 1988 806 Deinde
2009 758 2062 806 rex

194 856 247 938 qui
272 855 317 918 ite
340 855 488 936 loquitur,
513 849 685 918 secundum
709 838 864 914 rationem
887 843 1150 910 condicionalium
1170 844 1410 910 enuntiatorum
1433 843 1535 909 tacita
1555 843 1673 908 mentis
1689 843 1880 925 cogitatione
1903 846 1981 912 haec
1995 845 2063 930 ipse

192 962 252 1026 sihi
281 961 424 1044 opponit:
452 975 560 1024 nunc
591 975 701 1034 uero,
730 953 878 1036 quoniam
910 950 1087 1018 Alexander
1120 969 1201 1026 sum,
1234 951 1326 1018 nolo
1354 950 1510 1036 Diogenes
1543 969 1621 1016 esse.
1666 949 1788 1016 Hocine
1820 953 1855 1016 tu
1882 952 1976 1032 regie,
2005 953 2063 1018 hoe

193 1067 369 1132 Alexandro
397 1067 491 1148 digne
520 1063 642 1130 dieturn
666 1079 733 1126 esse
757 1062 872 1142 putes?
919 1059 1017 1124 lutuno
1041 1058 1118 1121 huee
1140 1075 1203 1121 nen
1232 1059 1307 1122 sunt
1337 1057 1568 1141 philosophiam
1598 1057 1783 1124 admirantis
1813 1059 1866 1123 sed
1897 1059 1984 1142 regia
2006 1077 2061 1142 po·

192 1178 308 1240 testate
332 1173 426 1254 paulo
455 1170 593 1254 ineptius
616 1189 649 1234 se
673 1167 831 1234 iwtantis.
877 1164 1091 1231 Grammatico
1121 1167 1227 1230 eutem
1257 1165 1379 1258 ratione
1402 1164 1479 1228 haec
1502 1163 1665 1230 verborum
1696 1164 1821 1229 illorum
1844 1164 2062 1248 interpretatio

192 1281 385 1362 postuletur:
408 1279 471 1344 nisi
487 1276 665 1342 Alexander
679 1291 791 1350 essem,
807 1291 863 1354 ege
880 1289 950 1336 vere
974 1288 1103 1334 essem
1120 1269 1287 1350 Diogenes,
1310 1271 1329 1333 i.
1353 1289 1378 1333 e.
1403 1269 1543 1336 indole
1566 1289 1612 1334 ac
1635 1273 1785 1334 natura
1808 1265 1970 1350 (naastan
1994 1273 2062 1336 adu.

193 1387 290 1469 princ.
307 1387 340 1467 5)
364 1405 449 1452 sum
481 1383 774 1466 philosophus,
798 1379 901 1460 qualis
924 1381 973 1442 est
995 1377 1161 1458 Diogenes,
1185 1394 1284 1440 casu
1305 1367 1394 1462 (τόχη
1418 1375 1474 1458 ib.)
1501 1379 1607 1442 autem
1635 1394 1702 1440 rex
1725 1377 1827 1442 luctus
1850 1395 1931 1452 sunu,
1956 1377 2063 1462 itaque

191 1514 252 1558 uon
277 1511 440 1576 possurn
468 1490 685 1574 philosophiae
707 1490 810 1552 toturn
833 1504 884 1556 me
906 1485 1038 1550 tradere.
1085 1481 1183 1548 Cuius
1206 1483 1376 1548 suetonius
1400 1485 1524 1566 egregie
1552 1483 1706 1548 imitando
1733 1484 1886 1566 expressit
1908 1483 2063 1568 Georgius

191 1601 315 1665 libers
350 1599 497 1674 in'libro‚
522 1598 576 1679 qui
604 1615 689 1660 nuuc
716 1595 821 1676 ipsum
844 1593 877 1658 in
901 1591 1041 1656 ornniurn
1065 1595 1097 1654 et
1119 1590 1264 1654 munibus
1294 1593 1343 1654 est
1373 1595 1406 1654 et
1428 1590 1543 1654 oribus.
1591 1589 1716 1655 inducit
1739 1588 1824 1654 enim
1847 1589 2062 1658 Ptolemaeum

191 1707 385 1788 Physconem
415 1725 518 1786 regern
542 1701 725 1768 acutissimo
748 1719 821 1766 curu
844 1698 1027 1764 Aristarcho
1048 1695 1208 1790 philologo
1228 1696 1266 1760 de
1282 1696 1519 1778 quaestiouibus
1536 1696 1702 1762 homericis
1717 1697 1930 1780 disputatione
1953 1699 2062 1764 habite

191 1815 267 1878 haee
290 1811 328 1878 de
352 1833 385 1878 se
409 1813 582 1877 dicentem:
606 1809 722 1886 „Wdre
746 1807 796 1872 ioh
818 1807 891 1871 hein
906 1803 1024 1886 Kouig
1049 1801 1207 1867 vielleieht
1231 1799 1337 1866 nvurde
1360 1820 1417 1866 aus
1440 1803 1500 1868 mir
1522 1803 1574 1868 ein
1590 1803 1754 1870 Aristarch
1778 1805 1939 1888 gewordeu
1962 1806 2063 1872 seiu.“

349 2041 437 2123 Cep.
462 2039 510 2116 ll,
534 2039 571 2104 ὃς
602 2027 834 2120 Ἀριστοκρέων
857 2025 971 2118 peiuri
999 2025 1196 2116 Χροσόνωιοι
1218 2019 1370 2116 μαθητὴς
1392 2027 1447 2100 καὶ
1470 2023 1590 2107 cimice
1613 2021 1721 2096 νλκόνα
1743 2027 1861 2118 χαλκῆν
1877 2021 2063 2120 ἇναοτηλω-

190 2167 249 2222 σας
271 2142 439 2230 ἐπέγραψε
462 2135 594 2210 τόδετὸ
618 2140 764 2227 superos·

714 2239 813 2312 Τόνδο
835 2243 906 2312 νόον
931 2237 1127 2330 λ’ρδσινιπον
1149 2233 1381 2329 Ἀριστοκρέων
1404 2232 1551 2330 ἀνόθηκν,

757 2352 829 2418 'llio
850 2341 1098 2440 Ἀκαδημιακῶν
1120 2346 1362 2436 στραγγαλίδων
1384 2343 1517 2414 torridu.

190 2467 267 2545 Quis
298 2465 395 2530 suerit
418 2463 597 2530 Aristocreo
628 2463 682 2528 ille
713 2465 849 2527 testetur
871 2459 962 2540 Diog.
987 2459 1090 2524 Laert.
1115 2459 1184 2528 Vll.
1212 2455 1290 2526 185:
1341 2448 1566 2540 (Κρόνιππος)
1596 2450 1892 2544 μεταιτνμιμόμννος
1923 2455 1959 2524 δὲ
1988 2450 2063 2536 τοῦς

190 2570 244 2656 της
268 2560 410 2656 ἇδολιρης
442 2565 520 2646 niuis
542 2558 807 2652 Ἀριστοκρέοντα
830 2563 885 2630 καὶ
911 2555 1113 2649 Φιλοκράτην
1142 2555 1373 2648 σννοκρόιησον.
1429 2563 1514 2642 idern
1544 2563 1586 2628 ib.
1618 2566 1681 2629 182
1712 2563 1864 2630 describit
1894 2564 2061 2650 Chrysippi

192 2683 330 2743 stutueru
354 2679 386 2742 in
412 2676 572 2742 Ceramico
596 2677 748 2758 positum,
780 2673 869 2738 euius
893 2691 949 2736 cur
972 2689 1084 2736 rrrunus
1108 2669 1249 2750 porrecta
1271 2669 1374 2745 luerit,
1398 2668 1498 2736 fauete
1529 2675 1561 2735 et
1592 2671 1711 2735 urhune
1734 2667 1843 2737 cicero
1875 2671 1914 2737 de
1944 2672 2061 2738 linibus

190 2784 493 2866 1.11.3oexp0niu
518 2803 575 2848 rrae
598 2783 716 2858 dubito,
740 2782 816 2863 quin
841 2800 877 2844 ea
900 2778 1065 2859 Chrysippi
1091 2776 1221 2857 effigies,
1245 2795 1338 2857 quoru
1363 2775 1551 2842 Sohusterus
1575 2775 1743 2858 (Pertraits
1767 2777 1822 2843 der
1845 2777 2061 2859 griechischen
2171 2771 2175 2778 ’

190 2890 414 2971 Philosophen)
457 2909 492 2954 ex
532 2907 663 2954 nummo
706 2887 839 2968 quodam
879 2885 1239 2965 Pornpeiopohtanornru
1283 2883 1424 2960 exhibet,
1471 2885 1509 2947 ad
1554 2883 1800 2949 Aristocreontia
1841 2887 1980 2950 statuam
2019 2887 2063 2952 sit

188 2997 281 3061 lacta.
330 2996 376 3060 lbi
406 2996 503 3060 lucica
535 2999 583 3060 est
612 2995 772 3058 senilis.
816 2994 856 3058 llt
885 2991 955 3074 quis
987 3009 1124 3072 utiquam
1155 2991 1353 3054 evurrculi
1385 2993 1524 3054 statuam
1553 2990 1599 3054 itu
1632 2990 1731 3066 linxit,
1767 2996 1804 3056 ut
1834 2991 2060 3060 iuvenilem

190 3102 237 3165 illi
262 3103 405 3164 habiturn
429 3101 542 3166 doreti
585 3101 752 3165 Praeterea
775 3100 841 3181 ipse
864 3099 1053 3163 Plutarchus
1076 3095 1181 3162 addit:
1210 3094 1312 3159 'sciro
1335 3080 1391 3160 οἶν
1415 3086 1612 3178 Χρόωνωιος
1628 3083 1647 3160 ό
1662 3092 1801 3182 γέρων.
1825 3097 1945 3164 Vitium
1962 3097 2061 3180 igitur

188 3208 241 3288 qui
275 3205 398 3272 videtur
428 3207 562 3273 sensisse
594 3207 739 3274 Reislrius
770 3207 912 3287 scripsit:
952 3196 1034 3268 τόνδ’
1058 3197 1173 3267 ἔνεον
1196 3194 1409 3288 Χρόσιντνιονς
1434 3203 1550 3268 rectius
1573 3206 1608 3270 tu
1626 3202 1812 3286 scripseris:
1843 3194 1899 3270 τόν·
1921 3197 2061 3272 δεινόν

191 3305 406 3396 Χρόοιπντονς
430 3305 595 3399 δεινότητα
618 3315 702 3378 euiru
726 3313 863 3378 hernicis
887 3330 994 3376 onmes
1018 3309 1164 3374 admirati
1188 3313 1271 3374 suut.
1318 3309 1365 3374 he
1389 3309 1521 3391 nequis
1545 3313 1645 3390 putet,
1675 3309 1706 3374 in
1738 3313 1915 3377 statuarum
1947 3311 2059 3388 titulis,

190 3419 271 3497 qnod
295 3421 421 3482 articuli
446 3421 492 3484 uis
516 3438 626 3500 purum
651 3421 769 3496 u‘ulcut,
793 3436 917 3500 semper
939 3435 1108 3498 pronomen
1131 3415 1410 3503 denronstrativuru
1433 3406 1489 3480 όόσ
1510 3416 1691 3498 ponendum
1722 3434 1797 3494 esse,
1829 3419 1955 3482 erutum
1976 3420 2060 3500 apud

190 3523 227 3586 G.
252 3521 493 3586 liuiheliunr
517 3525 728 3603 (inpigrorum.
751 3543 851 3604 graec.
874 3543 909 3587 er
936 3521 1030 3603 lapid.
1054 3523 1123 3586 coll.
1148 3542 1176 3602 p.
1200 3523 1278 3601 555)
1303 3539 1450 3588 uersuum
1473 3523 1600 3587 exordia
1621 3523 1760 3604 plurime
1782 3524 1814 3587 in
1832 3523 1916 3588 hunc
1931 3523 2059 3590 tnodurn

189 3630 398 3694 conformate:
425 3620 477 3693 τὸν·
500 3626 633 3710 θεσμῶν
654 3625 781 3714 ταμίην,
811 3621 867 3692 τόν·
898 3621 1023 3712 θρασὺν
1052 3623 1086 3691 δν
1117 3619 1245 3714 θήραις,
1276 3618 1332 3692 τὸν
1361 3619 1476 3692 κλοιόν
1506 3622 1540 3692 ἐν
1570 3623 1692 3714 ζωοῖσι,
1725 3617 1779 3694 τδν
1808 3620 1917 3715 πόσης
1946 3616 2060 3716 siparis

188 3729 351 3820 τίόόμονα,
375 3726 431 3798 τόν
453 3731 553 3822 σοφίη·
577 3725 757 3818 προῦχοντα
780 3740 840 3799 cet
885 3734 968 3813 Quid
994 3753 1064 3798 uero
1087 3733 1269 3814 significent
1291 3733 1347 3798 illa
1367 3725 1460 3797 τόνδε
1481 3729 1552 3797 νόον
1574 3733 1613 3798 de
1636 3737 1837 3800 monumento
1860 3733 1946 3802 dicta
1968 3736 2058 3803 decet

188 3843 228 3906 ib.
253 3843 349 3924 epigr.
373 3843 452 3907 444:
1880 3849 1883 3854 '

682 3923 770 3996 νόνδν
792 3925 861 3994 νέον·
884 3923 913 3992 oi
941 3921 1059 4012 νόμβον
1082 3917 1160 4012 ἀνὴρ
1184 3891 1415 3992 sudariis
1434 3921 1565 4009 δόκιμον.

347 4161 420 4241 Gap.
438 4157 493 4232 lv,
511 4163 541 4222 2.
566 4158 756 4222 Narraverst
771 4157 949 4240 Antipater,
973 4145 1022 4220 δτι
1040 4149 1150 4242 Ζήνων
1166 4153 1219 4220 καὶ
1237 4147 1409 4242 ιΚλεάνθης
1431 4149 1489 4220 οἰκ
1512 4146 1677 4244 ἠθέλησαν
1699 4146 1869 4244 Ἀθηναῖοι
1894 4153 2056 4242 γενέσθαι,

187 4257 229 4350 μό,
260 4258 379 4342 δόξωσι
402 4255 461 4340 τὰς
485 4259 647 4348 νιονρόόας
671 4251 802 4328 doute.
848 4263 936 4328 Dicit
958 4263 1157 4338 Pluturohus
1181 4263 1239 4327 hoe
1262 4263 1344 4328 idem
1368 4281 1434 4328 esse
1465 4255 1575 4346 ὥσπερ
1604 4256 1683 4339 νότια
1714 4255 1851 4350 γαμιτόην
1882 4249 2057 4330 όιπολιννιόν

187 4365 310 4455 ἑτέρᾳ
341 4367 376 4434 δὲ
415 4367 518 4449 σνζιῦν
548 4367 602 4434 καὶ
636 4361 937 4450 crumenat-ripuensis
966 4366 1021 4432 καὶ
1053 4361 1348 4450 παιδοποιούμενος
1378 4365 1414 4446 ἐξ
1443 4361 1590 4452 ἑτέρας
1620 4361 1662 4454 μδ,
1695 4362 1914 4456 συγγράφοιτο
1943 4363 2055 4455 γόμον,

187 4468 279 4552 ὅπως
303 4464 425 4542 ἀδικεῖν·
447 4469 489 4562 μη
515 4474 593 4562 δοκῇ
619 4467 673 4562 νην
696 4471 865 4560 προτέραν.
893 4475 1069 4562 Ιότινόὶλνίλο
1096 4478 1153 4550 est,
1185 4475 1384 4552 scribendum
1415 4494 1484 4540 esse
1513 4469 1662 4564 ἑταίρη
1685 4481 1717 4542 et
1739 4469 1934 4558 ἑταίραςς-
1963 4497 2055 4561 saepe

186 4586 292 4648 auteur
316 4582 465 4648 coulsrudi
490 4577 597 4666 λ’νόρος
621 4585 652 4646 et
675 4575 802 4666 ἑταῖρος
825 4587 930 4646 merset
955 4581 1055 4664 Wytt.
1081 4582 1113 4646 in
1137 4583 1235 4647 lexico
1259 4604 1282 4646 s.
1307 4601 1334 4646 ν.
1358 4571 1473 4664 stepen

347 4809 422 4891 Cup.
447 4811 516 4890 vll,
545 4815 573 4876 l.
620 4811 777 4890 Quattuor
801 4810 974 4878 tenuatis
997 4809 1100 4876 λαοῖσι
1125 4831 1142 4873 a
1166 4810 1297 4876 Platone
1321 4811 1465 4876 inventos
1488 4809 1606 4876 Zenoni
1629 4829 1751 4894 queque
1782 4811 1927 4894 probatos
1958 4809 2054 4875 inisse

186 4919 310 4999 exponit
334 4917 532 4982 Plutarchus.
581 4917 690 4998 Pergit
712 4919 816 4982 ιιιλοιιν
841 4917 902 4980 sic:
932 4909 1041 4980 Πόλιν·
1071 4911 1105 4980 de*
1130 4904 1312 5000 ὁριζόμενος
1336 4902 1612 5001 adsiduissime,
1646 4908 1699 5002 την
1721 4913 1780 4997 μὲν
1803 4903 1951 4999 ἇνόριόαν
1973 4913 2056 5002 φησὶ

1862 5033 1889 5086 lt
