<?xml version="1.0" encoding="UTF-8"?>
<!DOCTYPE html PUBLIC "-//W3C//DTD XHTML 1.0 Transitional//EN"
    "http://www.w3.org/TR/xhtml1/DTD/xhtml1-transitional.dtd">
<html xmlns="http://www.w3.org/1999/xhtml" xml:lang="en" lang="en">
 <head>
  <title>
</title>
<meta http-equiv="Content-Type" content="text/html;charset=utf-8" />
  <meta name='ocr-system' content='tesseract 3.04.00' />
  <meta name='ocr-capabilities' content='ocr_page ocr_carea ocr_par ocr_line ocrx_word'/>
</head>
<body>
  <div class='ocr_page' id='page_1' title='image "./inplutarchilibr00rasmgoog_0008.png"; bbox 0 0 4718 5604; ppageno 0'>
   <div class='ocr_carea' id='block_1_1' title="bbox 476 1207 1728 1496">
    <p class='ocr_par' dir='ltr' id='par_1_1' title="bbox 476 1207 1728 1496">
     <span class='ocr_line' id='line_1_1' title="bbox 601 1207 1728 1291; baseline -0.003 -7"><span class='ocrx_word' id='word_1_1' title='bbox 601 1210 649 1286; x_wconf 87' lang='grc' dir='ltr'>ιιι</span> <span class='ocrx_word' id='word_1_2' title='bbox 676 1209 941 1290; x_wconf 78' lang='lat' dir='ltr'>eavraocnr</span> <span class='ocrx_word' id='word_1_3' title='bbox 969 1209 1147 1288; x_wconf 80' lang='lat' dir='ltr'>srssvn</span> <span class='ocrx_word' id='word_1_4' title='bbox 1173 1209 1251 1286; x_wconf 88' lang='grc' dir='ltr'>οιι</span> <span class='ocrx_word' id='word_1_5' title='bbox 1279 1207 1589 1291; x_wconf 76' lang='lat' dir='ltr'>rosconmon</span> <span class='ocrx_word' id='word_1_6' title='bbox 1722 1249 1728 1262; x_wconf 82' lang='lat'><strong>·</strong></span> 
     </span>
     <span class='ocr_line' id='line_1_2' title="bbox 476 1386 1717 1496; baseline 0.001 -5"><span class='ocrx_word' id='word_1_7' title='bbox 476 1390 575 1492; x_wconf 84' lang='lat' dir='ltr'>uu</span> <span class='ocrx_word' id='word_1_8' title='bbox 621 1389 1078 1496; x_wconf 74' lang='lat' dir='ltr'>STOIOORVM</span> <span class='ocrx_word' id='word_1_9' title='bbox 1123 1386 1717 1495; x_wconf 78' lang='lat' dir='ltr'>Rqucuauulls</span> 
     </span>
    </p>
   </div>
   <div class='ocr_carea' id='block_1_2' title="bbox 922 1601 1271 1670">
    <p class='ocr_par' dir='ltr' id='par_1_2' title="bbox 922 1601 1271 1670">
     <span class='ocr_line' id='line_1_3' title="bbox 922 1601 1271 1670; baseline 0 0"><span class='ocrx_word' id='word_1_10' title='bbox 922 1601 1271 1670; x_wconf 83' lang='lat' dir='ltr'>coulucuvuau.</span> 
     </span>
    </p>
   </div>
   <div class='ocr_carea' id='block_1_3' title="bbox 993 1823 1200 1848">
    <p class='ocr_par' dir='ltr' id='par_1_3' title="bbox 993 1823 1200 1848">
     <span class='ocr_line' id='line_1_4' title="bbox 993 1823 1200 1848; baseline 0 -2"><span class='ocrx_word' id='word_1_11' title='bbox 993 1823 1200 1848; x_wconf 57' lang='lat' dir='ltr'>m</span> 
     </span>
    </p>
   </div>
   <div class='ocr_carea' id='block_1_4' title="bbox 164 2017 2038 3104">
    <p class='ocr_par' dir='ltr' id='par_1_4' title="bbox 164 2017 2038 3104">
     <span class='ocr_line' id='line_1_5' title="bbox 319 2017 2035 2147; baseline 0 -19"><span class='ocrx_word' id='word_1_12' title='bbox 319 2017 604 2129; x_wconf 67' lang='lat' dir='ltr'>[eboracorum</span> <span class='ocrx_word' id='word_1_13' title='bbox 626 2064 800 2147; x_wconf 85' lang='lat' dir='ltr'>librosqoi</span> <span class='ocrx_word' id='word_1_14' title='bbox 823 2065 1041 2132; x_wconf 78' lang='lat' dir='ltr'>inscribuntur</span> <span class='ocrx_word' id='word_1_15' title='bbox 1062 2063 1118 2130; x_wconf 87' lang='lat' dir='ltr'>nu</span> <span class='ocrx_word' id='word_1_16' title='bbox 1142 2057 1425 2134; x_wconf 74' lang='lat' dir='ltr'>connvnmvs</span> <span class='ocrx_word' id='word_1_17' title='bbox 1449 2059 1634 2128; x_wconf 78' lang='lat' dir='ltr'>sonions</span> <span class='ocrx_word' id='word_1_18' title='bbox 1658 2066 1690 2128; x_wconf 66' lang='lat' dir='ltr'>es</span> <span class='ocrx_word' id='word_1_19' title='bbox 1715 2063 1769 2126; x_wconf 86' lang='lat' dir='ltr'>ou</span> <span class='ocrx_word' id='word_1_20' title='bbox 1792 2061 2035 2128; x_wconf 80' lang='lat' dir='ltr'>sruroorooo</span> 
     </span>
     <span class='ocr_line' id='line_1_6' title="bbox 164 2167 2035 2252; baseline -0.001 -18"><span class='ocrx_word' id='word_1_21' title='bbox 164 2167 481 2235; x_wconf 73' lang='lat' dir='ltr'>uuuvouauuns</span> <span class='ocrx_word' id='word_1_22' title='bbox 505 2189 585 2252; x_wconf 89' lang='lat' dir='ltr'>quae</span> <span class='ocrx_word' id='word_1_23' title='bbox 608 2171 816 2237; x_wconf 81' lang='lat' dir='ltr'>intercederet</span> <span class='ocrx_word' id='word_1_24' title='bbox 844 2173 936 2249; x_wconf 86' lang='lat' dir='ltr'>ratio,</span> <span class='ocrx_word' id='word_1_25' title='bbox 966 2171 1072 2236; x_wconf 89' lang='lat' dir='ltr'>libello</span> <span class='ocrx_word' id='word_1_26' title='bbox 1102 2171 1287 2239; x_wconf 86' lang='lat' dir='ltr'>scholastico</span> <span class='ocrx_word' id='word_1_27' title='bbox 1315 2168 1514 2236; x_wconf 75' lang='lat' dir='ltr'>Francofurti</span> <span class='ocrx_word' id='word_1_28' title='bbox 1545 2170 1583 2233; x_wconf 88' lang='lat' dir='ltr'>sd</span> <span class='ocrx_word' id='word_1_29' title='bbox 1607 2169 1759 2233; x_wconf 86' lang='lat' dir='ltr'>Viedrum</span> <span class='ocrx_word' id='word_1_30' title='bbox 1791 2187 1818 2234; x_wconf 86' lang='lat' dir='ltr'>a.</span> <span class='ocrx_word' id='word_1_31' title='bbox 1844 2170 1928 2234; x_wconf 80' lang='lat'>1872</span> <span class='ocrx_word' id='word_1_32' title='bbox 1950 2169 2035 2233; x_wconf 92' lang='lat' dir='ltr'>edito</span> 
     </span>
     <span class='ocr_line' id='line_1_7' title="bbox 164 2275 2035 2359; baseline -0.001 -18"><span class='ocrx_word' id='word_1_33' title='bbox 164 2277 383 2342; x_wconf 86' lang='lat' dir='ltr'>demonstrari.</span> <span class='ocrx_word' id='word_1_34' title='bbox 426 2275 543 2342; x_wconf 77' lang='lat' dir='ltr'>Addidi</span> <span class='ocrx_word' id='word_1_35' title='bbox 559 2275 769 2359; x_wconf 78' lang='lat' dir='ltr'>disputationi</span> <span class='ocrx_word' id='word_1_36' title='bbox 784 2277 1014 2355; x_wconf 78' lang='lat' dir='ltr'>adnotationes,</span> <span class='ocrx_word' id='word_1_37' title='bbox 1030 2277 1145 2359; x_wconf 85' lang='lat' dir='ltr'>quibus</span> <span class='ocrx_word' id='word_1_38' title='bbox 1161 2275 1300 2341; x_wconf 86' lang='lat' dir='ltr'>Notiti</span> <span class='ocrx_word' id='word_1_39' title='bbox 1310 2293 1421 2340; x_wconf 89' lang='lat' dir='ltr'>arum</span> <span class='ocrx_word' id='word_1_40' title='bbox 1438 2275 1521 2340; x_wconf 90' lang='lat' dir='ltr'>locos</span> <span class='ocrx_word' id='word_1_41' title='bbox 1537 2275 1704 2339; x_wconf 87' lang='lat' dir='ltr'>nonnullos</span> <span class='ocrx_word' id='word_1_42' title='bbox 1725 2293 1779 2357; x_wconf 95' lang='lat' dir='ltr'>pro</span> <span class='ocrx_word' id='word_1_43' title='bbox 1799 2293 1835 2338; x_wconf 87' lang='lat' dir='ltr'>eo</span> <span class='ocrx_word' id='word_1_44' title='bbox 1856 2293 1891 2338; x_wconf 86' lang='lat' dir='ltr'>ao</span> <span class='ocrx_word' id='word_1_45' title='bbox 1912 2293 2035 2356; x_wconf 89' lang='lat' dir='ltr'>possem</span> 
     </span>
     <span class='ocr_line' id='line_1_8' title="bbox 165 2379 2035 2466; baseline -0.001 -18"><span class='ocrx_word' id='word_1_46' title='bbox 165 2381 214 2448; x_wconf 89' lang='lat' dir='ltr'>rel</span> <span class='ocrx_word' id='word_1_47' title='bbox 237 2383 424 2466; x_wconf 83' lang='lat' dir='ltr'>explicarem</span> <span class='ocrx_word' id='word_1_48' title='bbox 448 2382 498 2448; x_wconf 86' lang='lat' dir='ltr'>vel</span> <span class='ocrx_word' id='word_1_49' title='bbox 521 2383 715 2449; x_wconf 90' lang='lat' dir='ltr'>emendando</span> <span class='ocrx_word' id='word_1_50' title='bbox 737 2385 948 2450; x_wconf 72' lang='lat' dir='ltr'>mstitnorcm.</span> <span class='ocrx_word' id='word_1_51' title='bbox 999 2381 1047 2448; x_wconf 86' lang='lat' dir='ltr'>uo</span> <span class='ocrx_word' id='word_1_52' title='bbox 1076 2380 1391 2466; x_wconf 77' lang='lat' dir='ltr'>Repugnau&#39;tiis</span> <span class='ocrx_word' id='word_1_53' title='bbox 1419 2382 1446 2446; x_wconf 91' lang='lat' dir='ltr'>si</span> <span class='ocrx_word' id='word_1_54' title='bbox 1477 2399 1541 2465; x_wconf 86' lang='lat' dir='ltr'>qua</span> <span class='ocrx_word' id='word_1_55' title='bbox 1563 2381 1717 2447; x_wconf 79' lang='lat' dir='ltr'>habebam</span> <span class='ocrx_word' id='word_1_56' title='bbox 1746 2379 1922 2446; x_wconf 81' lang='lat' dir='ltr'>traditurus</span> <span class='ocrx_word' id='word_1_57' title='bbox 1948 2397 2035 2446; x_wconf 84' lang='lat' dir='ltr'>orum</span> 
     </span>
     <span class='ocr_line' id='line_1_9' title="bbox 164 2485 2034 2572; baseline -0.001 -19"><span class='ocrx_word' id='word_1_58' title='bbox 164 2487 383 2572; x_wconf 86' lang='lat' dir='ltr'>Itudolpho</span> <span class='ocrx_word' id='word_1_59' title='bbox 404 2487 632 2569; x_wconf 73' lang='grc' dir='ltr'><strong><em>Ηοιοὶιοιο,</em></strong></span> <span class='ocrx_word' id='word_1_60' title='bbox 662 2490 730 2556; x_wconf 81' lang='lat' dir='ltr'>viro</span> <span class='ocrx_word' id='word_1_61' title='bbox 760 2493 793 2555; x_wconf 90' lang='lat' dir='ltr'>et</span> <span class='ocrx_word' id='word_1_62' title='bbox 823 2487 1016 2556; x_wconf 80' lang='lat' dir='ltr'>Graecarum</span> <span class='ocrx_word' id='word_1_63' title='bbox 1045 2489 1223 2557; x_wconf 81' lang='lat' dir='ltr'>litterarum</span> <span class='ocrx_word' id='word_1_64' title='bbox 1254 2487 1431 2554; x_wconf 85' lang='lat' dir='ltr'>incredibili</span> <span class='ocrx_word' id='word_1_65' title='bbox 1461 2485 1596 2558; x_wconf 90' lang='lat' dir='ltr'>scientia</span> <span class='ocrx_word' id='word_1_66' title='bbox 1623 2487 1740 2569; x_wconf 78' lang='lat' dir='ltr'>insigni</span> <span class='ocrx_word' id='word_1_67' title='bbox 1771 2490 1804 2552; x_wconf 90' lang='lat' dir='ltr'>et</span> <span class='ocrx_word' id='word_1_68' title='bbox 1827 2487 1933 2554; x_wconf 88' lang='lat' dir='ltr'>animo</span> <span class='ocrx_word' id='word_1_69' title='bbox 1956 2505 2034 2564; x_wconf 82' lang='lat' dir='ltr'>meo,</span> 
     </span>
     <span class='ocr_line' id='line_1_10' title="bbox 164 2593 2036 2678; baseline -0.001 -18"><span class='ocrx_word' id='word_1_70' title='bbox 164 2597 368 2678; x_wconf 80' lang='lat' dir='ltr'>posteaquam</span> <span class='ocrx_word' id='word_1_71' title='bbox 391 2593 613 2661; x_wconf 80' lang='lat' dir='ltr'>holiansorum</span> <span class='ocrx_word' id='word_1_72' title='bbox 636 2595 815 2663; x_wconf 88' lang='lat' dir='ltr'>studiorum</span> <span class='ocrx_word' id='word_1_73' title='bbox 838 2597 1065 2663; x_wconf 87' lang='lat' dir='ltr'>communitate</span> <span class='ocrx_word' id='word_1_74' title='bbox 1091 2595 1131 2662; x_wconf 89' lang='lat' dir='ltr'>ad</span> <span class='ocrx_word' id='word_1_75' title='bbox 1162 2613 1235 2661; x_wconf 89' lang='lat' dir='ltr'>eum</span> <span class='ocrx_word' id='word_1_76' title='bbox 1266 2593 1422 2660; x_wconf 84' lang='lat' dir='ltr'>adductus</span> <span class='ocrx_word' id='word_1_77' title='bbox 1454 2611 1541 2670; x_wconf 85' lang='lat' dir='ltr'>sum,</span> <span class='ocrx_word' id='word_1_78' title='bbox 1572 2593 1757 2671; x_wconf 82' lang='lat' dir='ltr'>carissimo,</span> <span class='ocrx_word' id='word_1_79' title='bbox 1786 2596 1824 2659; x_wconf 89' lang='lat' dir='ltr'>ut</span> <span class='ocrx_word' id='word_1_80' title='bbox 1854 2594 1892 2660; x_wconf 86' lang='lat' dir='ltr'>sd</span> <span class='ocrx_word' id='word_1_81' title='bbox 1923 2609 2036 2658; x_wconf 84' lang='lat' dir='ltr'>novam</span> 
     </span>
     <span class='ocr_line' id='line_1_11' title="bbox 164 2698 2038 2782; baseline -0.002 -16"><span class='ocrx_word' id='word_1_82' title='bbox 164 2701 337 2767; x_wconf 80' lang='lat' dir='ltr'>Moralium</span> <span class='ocrx_word' id='word_1_83' title='bbox 370 2699 536 2767; x_wconf 76' lang='lat' dir='ltr'>Plutarchi</span> <span class='ocrx_word' id='word_1_84' title='bbox 569 2701 720 2768; x_wconf 83' lang='lat' dir='ltr'>hbrorum</span> <span class='ocrx_word' id='word_1_85' title='bbox 754 2703 943 2782; x_wconf 85' lang='lat' dir='ltr'>editionem,</span> <span class='ocrx_word' id='word_1_86' title='bbox 977 2703 1005 2768; x_wconf 94' lang='lat' dir='ltr'>si</span> <span class='ocrx_word' id='word_1_87' title='bbox 1038 2702 1167 2780; x_wconf 85' lang='lat' dir='ltr'>liberet,</span> <span class='ocrx_word' id='word_1_88' title='bbox 1201 2701 1241 2767; x_wconf 90' lang='lat' dir='ltr'>lis</span> <span class='ocrx_word' id='word_1_89' title='bbox 1276 2703 1427 2768; x_wconf 72' lang='lat' dir='ltr'>umrsmr.</span> <span class='ocrx_word' id='word_1_90' title='bbox 1501 2698 1562 2780; x_wconf 83' lang='lat' dir='ltr'>Qui</span> <span class='ocrx_word' id='word_1_91' title='bbox 1597 2717 1670 2766; x_wconf 89' lang='lat' dir='ltr'>oum</span> <span class='ocrx_word' id='word_1_92' title='bbox 1703 2703 1904 2782; x_wconf 86' lang='lat' dir='ltr'>praematura</span> <span class='ocrx_word' id='word_1_93' title='bbox 1937 2701 2038 2764; x_wconf 80' lang='lat' dir='ltr'>morte</span> 
     </span>
     <span class='ocr_line' id='line_1_12' title="bbox 165 2805 2038 2892; baseline 0 -20"><span class='ocrx_word' id='word_1_94' title='bbox 165 2809 352 2890; x_wconf 90' lang='lat' dir='ltr'>absumptus</span> <span class='ocrx_word' id='word_1_95' title='bbox 375 2807 487 2892; x_wconf 79' lang='lat' dir='ltr'>iugens</span> <span class='ocrx_word' id='word_1_96' title='bbox 515 2807 598 2892; x_wconf 89' lang='lat' dir='ltr'>quod</span> <span class='ocrx_word' id='word_1_97' title='bbox 628 2811 810 2892; x_wconf 78' lang='lat' dir='ltr'>susceperat</span> <span class='ocrx_word' id='word_1_98' title='bbox 839 2827 919 2892; x_wconf 92' lang='lat' dir='ltr'>opos</span> <span class='ocrx_word' id='word_1_99' title='bbox 946 2808 1058 2892; x_wconf 87' lang='lat' dir='ltr'>primis</span> <span class='ocrx_word' id='word_1_100' title='bbox 1089 2808 1139 2872; x_wconf 85' lang='lat' dir='ltr'>vix</span> <span class='ocrx_word' id='word_1_101' title='bbox 1169 2805 1385 2876; x_wconf 79' lang='lat' dir='ltr'>laudamentis</span> <span class='ocrx_word' id='word_1_102' title='bbox 1415 2807 1508 2872; x_wconf 88' lang='lat' dir='ltr'>iactis</span> <span class='ocrx_word' id='word_1_103' title='bbox 1539 2807 1723 2872; x_wconf 89' lang='lat' dir='ltr'>incohatum</span> <span class='ocrx_word' id='word_1_104' title='bbox 1754 2805 1934 2890; x_wconf 81' lang='lat' dir='ltr'>reliquerit,</span> <span class='ocrx_word' id='word_1_105' title='bbox 1965 2821 2038 2872; x_wconf 90' lang='lat' dir='ltr'>oum</span> 
     </span>
     <span class='ocr_line' id='line_1_13' title="bbox 164 2909 2038 2998; baseline -0.002 -20"><span class='ocrx_word' id='word_1_106' title='bbox 164 2933 273 2992; x_wconf 81' lang='lat' dir='ltr'>nemo,</span> <span class='ocrx_word' id='word_1_107' title='bbox 307 2917 463 2997; x_wconf 90' lang='lat' dir='ltr'>quantum</span> <span class='ocrx_word' id='word_1_108' title='bbox 486 2913 592 2993; x_wconf 79' lang='lat' dir='ltr'>rideo,</span> <span class='ocrx_word' id='word_1_109' title='bbox 627 2915 656 2981; x_wconf 89' lang='lat' dir='ltr'>ei</span> <span class='ocrx_word' id='word_1_110' title='bbox 679 2915 845 2981; x_wconf 87' lang='lat' dir='ltr'>succedere</span> <span class='ocrx_word' id='word_1_111' title='bbox 867 2917 925 2979; x_wconf 88' lang='lat' dir='ltr'>aut</span> <span class='ocrx_word' id='word_1_112' title='bbox 945 2913 1056 2998; x_wconf 85' lang='lat' dir='ltr'>cupiat</span> <span class='ocrx_word' id='word_1_113' title='bbox 1079 2917 1135 2978; x_wconf 89' lang='lat' dir='ltr'>aot</span> <span class='ocrx_word' id='word_1_114' title='bbox 1158 2913 1290 2990; x_wconf 85' lang='lat' dir='ltr'>audeat,</span> <span class='ocrx_word' id='word_1_115' title='bbox 1325 2915 1397 2978; x_wconf 85' lang='lat' dir='ltr'>utor</span> <span class='ocrx_word' id='word_1_116' title='bbox 1418 2911 1576 2978; x_wconf 84' lang='lat' dir='ltr'>scribendi</span> <span class='ocrx_word' id='word_1_117' title='bbox 1606 2929 1735 2978; x_wconf 87' lang='lat' dir='ltr'>munere</span> <span class='ocrx_word' id='word_1_118' title='bbox 1757 2911 1937 2994; x_wconf 87' lang='lat' dir='ltr'>inopinanti</span> <span class='ocrx_word' id='word_1_119' title='bbox 1960 2909 2038 2975; x_wconf 91' lang='lat' dir='ltr'>mibi</span> 
     </span>
     <span class='ocr_line' id='line_1_14' title="bbox 164 3015 2038 3104; baseline -0.001 -20"><span class='ocrx_word' id='word_1_120' title='bbox 164 3020 281 3098; x_wconf 85' lang='lat' dir='ltr'>oblato,</span> <span class='ocrx_word' id='word_1_121' title='bbox 304 3023 342 3088; x_wconf 92' lang='lat' dir='ltr'>ut</span> <span class='ocrx_word' id='word_1_122' title='bbox 363 3020 418 3099; x_wconf 73' lang='lat' dir='ltr'>iis¹</span> <span class='ocrx_word' id='word_1_123' title='bbox 449 3019 564 3102; x_wconf 87' lang='lat' dir='ltr'>quibus</span> <span class='ocrx_word' id='word_1_124' title='bbox 587 3019 751 3086; x_wconf 86' lang='lat' dir='ltr'>Plutarchi</span> <span class='ocrx_word' id='word_1_125' title='bbox 773 3021 908 3089; x_wconf 87' lang='lat' dir='ltr'>Moralia</span> <span class='ocrx_word' id='word_1_126' title='bbox 929 3021 1071 3104; x_wconf 82' lang='lat' dir='ltr'>placent,</span> <span class='ocrx_word' id='word_1_127' title='bbox 1103 3018 1142 3084; x_wconf 91' lang='lat' dir='ltr'>ds</span> <span class='ocrx_word' id='word_1_128' title='bbox 1161 3019 1459 3103; x_wconf 78' lang='lat' dir='ltr'>Repugnautiarum</span> <span class='ocrx_word' id='word_1_129' title='bbox 1482 3016 1671 3101; x_wconf 81' lang='lat' dir='ltr'>qmbusdam</span> <span class='ocrx_word' id='word_1_130' title='bbox 1693 3017 1772 3084; x_wconf 93' lang='lat' dir='ltr'>locis</span> <span class='ocrx_word' id='word_1_131' title='bbox 1794 3015 1870 3102; x_wconf 87' lang='lat' dir='ltr'>quid</span> <span class='ocrx_word' id='word_1_132' title='bbox 1893 3017 2038 3093; x_wconf 70' lang='lat' dir='ltr'>mutiam,</span> 
     </span>
    </p>
   </div>
   <div class='ocr_carea' id='block_1_5' title="bbox 23 3121 2038 3209">
    <p class='ocr_par' dir='ltr' id='par_1_5' title="bbox 23 3121 2038 3209">
     <span class='ocr_line' id='line_1_15' title="bbox 23 3121 2038 3209; baseline -0.001 -20"><span class='ocrx_word' id='word_1_133' title='bbox 23 3123 25 3176; x_wconf 74' lang='lat' dir='ltr'>l</span> <span class='ocrx_word' id='word_1_134' title='bbox 166 3143 328 3206; x_wconf 83' lang='lat' dir='ltr'>exponam.</span> <span class='ocrx_word' id='word_1_135' title='bbox 374 3124 478 3204; x_wconf 85' lang='lat' dir='ltr'>Quam</span> <span class='ocrx_word' id='word_1_136' title='bbox 500 3124 540 3190; x_wconf 91' lang='lat' dir='ltr'>ad</span> <span class='ocrx_word' id='word_1_137' title='bbox 562 3143 629 3190; x_wconf 91' lang='lat' dir='ltr'>rom</span> <span class='ocrx_word' id='word_1_138' title='bbox 651 3127 733 3209; x_wconf 91' lang='lat' dir='ltr'>quod</span> <span class='ocrx_word' id='word_1_139' title='bbox 755 3127 845 3192; x_wconf 84' lang='lat' dir='ltr'>novis</span> <span class='ocrx_word' id='word_1_140' title='bbox 868 3125 1018 3193; x_wconf 89' lang='lat' dir='ltr'>subsidiis</span> <span class='ocrx_word' id='word_1_141' title='bbox 1041 3145 1104 3192; x_wconf 90' lang='lat' dir='ltr'>non</span> <span class='ocrx_word' id='word_1_142' title='bbox 1129 3126 1306 3192; x_wconf 88' lang='lat' dir='ltr'>instructus</span> <span class='ocrx_word' id='word_1_143' title='bbox 1327 3125 1450 3203; x_wconf 82' lang='lat' dir='ltr'>accedo,</span> <span class='ocrx_word' id='word_1_144' title='bbox 1472 3124 1616 3192; x_wconf 81' lang='lat' dir='ltr'>iecerunt</span> <span class='ocrx_word' id='word_1_145' title='bbox 1639 3123 1721 3190; x_wconf 89' lang='lat' dir='ltr'>idem</span> <span class='ocrx_word' id='word_1_146' title='bbox 1744 3127 1777 3190; x_wconf 90' lang='lat' dir='ltr'>et</span> <span class='ocrx_word' id='word_1_147' title='bbox 1799 3121 2038 3206; x_wconf 80' lang='lat' dir='ltr'>Madvigius</span> 
     </span>
    </p>
   </div>
   <div class='ocr_carea' id='block_1_6' title="bbox 166 3223 2039 3422">
    <p class='ocr_par' dir='ltr' id='par_1_6' title="bbox 166 3223 2039 3422">
     <span class='ocr_line' id='line_1_16' title="bbox 166 3223 2039 3316; baseline 0 -22"><span class='ocrx_word' id='word_1_148' title='bbox 166 3233 199 3294; x_wconf 85' lang='lat' dir='ltr'>et</span> <span class='ocrx_word' id='word_1_149' title='bbox 222 3229 430 3312; x_wconf 75' lang='lat' dir='ltr'>Georgius</span> <span class='ocrx_word' id='word_1_150' title='bbox 461 3229 501 3297; x_wconf 88' lang='lat' dir='ltr'>N.</span> <span class='ocrx_word' id='word_1_151' title='bbox 525 3229 835 3311; x_wconf 79' lang='lat' dir='ltr'>Bernardalria,</span> <span class='ocrx_word' id='word_1_152' title='bbox 866 3249 1000 3316; x_wconf 87' lang='lat' dir='ltr'>quorum</span> <span class='ocrx_word' id='word_1_153' title='bbox 1031 3232 1085 3298; x_wconf 90' lang='lat' dir='ltr'>ille</span> <span class='ocrx_word' id='word_1_154' title='bbox 1115 3231 1150 3296; x_wconf 89' lang='lat' dir='ltr'>in</span> <span class='ocrx_word' id='word_1_155' title='bbox 1180 3223 1450 3298; x_wconf 69' lang='lat' dir='ltr'>advorsariis</span> <span class='ocrx_word' id='word_1_156' title='bbox 1481 3231 1665 3308; x_wconf 83' lang='lat' dir='ltr'>criticis,</span> <span class='ocrx_word' id='word_1_157' title='bbox 1694 3229 1748 3297; x_wconf 91' lang='lat' dir='ltr'>hio</span> <span class='ocrx_word' id='word_1_158' title='bbox 1770 3231 1805 3296; x_wconf 88' lang='lat' dir='ltr'>in</span> <span class='ocrx_word' id='word_1_159' title='bbox 1827 3229 2039 3312; x_wconf 68' lang='lat' dir='ltr'>Symbolis</span> 
     </span>
     <span class='ocr_line' id='line_1_17' title="bbox 167 3336 1432 3422; baseline 0.004 -23"><span class='ocrx_word' id='word_1_160' title='bbox 167 3336 338 3402; x_wconf 88' lang='lat' dir='ltr'>criticis</span> <span class='ocrx_word' id='word_1_161' title='bbox 360 3341 400 3402; x_wconf 91' lang='lat' dir='ltr'>et</span> <span class='ocrx_word' id='word_1_162' title='bbox 422 3337 791 3421; x_wconf 79' lang='lat' dir='ltr'>palaeographicis</span> <span class='ocrx_word' id='word_1_163' title='bbox 813 3340 994 3422; x_wconf 87' lang='lat' dir='ltr'>nuperrime</span> <span class='ocrx_word' id='word_1_164' title='bbox 1016 3337 1111 3404; x_wconf 88' lang='lat' dir='ltr'>editis</span> <span class='ocrx_word' id='word_1_165' title='bbox 1133 3337 1250 3404; x_wconf 89' lang='lat' dir='ltr'>librum</span> <span class='ocrx_word' id='word_1_166' title='bbox 1272 3338 1432 3404; x_wconf 72' lang='lat' dir='ltr'>smnus</span> 
     </span>
    </p>
   </div>
   <div class='ocr_carea' id='block_1_7' title="bbox 167 3523 2041 4252">
    <p class='ocr_par' dir='ltr' id='par_1_7' title="bbox 167 3523 2041 4252">
     <span class='ocr_line' id='line_1_18' title="bbox 329 3523 2038 3613; baseline 0.006 -23"><span class='ocrx_word' id='word_1_167' title='bbox 329 3523 405 3608; x_wconf 77' lang='lat' dir='ltr'>Gap.</span> <span class='ocrx_word' id='word_1_168' title='bbox 427 3525 452 3592; x_wconf 91' lang='lat'>1.</span> <span class='ocrx_word' id='word_1_169' title='bbox 499 3525 668 3593; x_wconf 73' lang='lat' dir='ltr'>Exordium</span> <span class='ocrx_word' id='word_1_170' title='bbox 690 3533 866 3612; x_wconf 87' lang='lat' dir='ltr'>temporum</span> <span class='ocrx_word' id='word_1_171' title='bbox 889 3530 1010 3596; x_wconf 81' lang='lat' dir='ltr'>iniuria</span> <span class='ocrx_word' id='word_1_172' title='bbox 1028 3529 1188 3596; x_wconf 83' lang='lat' dir='ltr'>interiisse</span> <span class='ocrx_word' id='word_1_173' title='bbox 1211 3547 1248 3596; x_wconf 86' lang='lat' dir='ltr'>ao</span> <span class='ocrx_word' id='word_1_174' title='bbox 1270 3549 1311 3596; x_wconf 90' lang='lat' dir='ltr'>no</span> <span class='ocrx_word' id='word_1_175' title='bbox 1334 3529 1502 3595; x_wconf 77' lang='lat' dir='ltr'>conutimn</span> <span class='ocrx_word' id='word_1_176' title='bbox 1524 3528 1652 3612; x_wconf 86' lang='lat' dir='ltr'>quidem</span> <span class='ocrx_word' id='word_1_177' title='bbox 1675 3529 1748 3595; x_wconf 84' lang='lat' dir='ltr'>libri</span> <span class='ocrx_word' id='word_1_178' title='bbox 1771 3529 1850 3598; x_wconf 80' lang='lat' dir='ltr'>satia</span> <span class='ocrx_word' id='word_1_179' title='bbox 1873 3528 2038 3613; x_wconf 75' lang='lat' dir='ltr'>perspicuo</span> 
     </span>
     <span class='ocr_line' id='line_1_19' title="bbox 168 3629 2037 3720; baseline 0.003 -26"><span class='ocrx_word' id='word_1_180' title='bbox 168 3629 364 3712; x_wconf 73' lang='lat' dir='ltr'>propositam</span> <span class='ocrx_word' id='word_1_181' title='bbox 386 3649 455 3696; x_wconf 88' lang='lat' dir='ltr'>esse</span> <span class='ocrx_word' id='word_1_182' title='bbox 477 3633 635 3708; x_wconf 78' lang='lat' dir='ltr'>nuuiuem</span> <span class='ocrx_word' id='word_1_183' title='bbox 657 3631 758 3714; x_wconf 78' lang='lat' dir='ltr'>fugit,</span> <span class='ocrx_word' id='word_1_184' title='bbox 789 3652 847 3702; x_wconf 88' lang='lat' dir='ltr'>nso</span> <span class='ocrx_word' id='word_1_185' title='bbox 869 3632 1000 3720; x_wconf 78' lang='grc' dir='ltr'><strong><em>πρῶτον</em></strong></span> <span class='ocrx_word' id='word_1_186' title='bbox 1019 3634 1115 3714; x_wconf 78' lang='lat' dir='ltr'>illud,</span> <span class='ocrx_word' id='word_1_187' title='bbox 1145 3636 1227 3718; x_wconf 88' lang='lat' dir='ltr'>quod</span> <span class='ocrx_word' id='word_1_188' title='bbox 1249 3635 1388 3718; x_wconf 92' lang='lat' dir='ltr'>primum</span> <span class='ocrx_word' id='word_1_189' title='bbox 1410 3637 1515 3702; x_wconf 89' lang='lat' dir='ltr'>locum</span> <span class='ocrx_word' id='word_1_190' title='bbox 1538 3639 1642 3716; x_wconf 79' lang='lat' dir='ltr'>nnat,</span> <span class='ocrx_word' id='word_1_191' title='bbox 1668 3636 1773 3715; x_wconf 88' lang='lat' dir='ltr'>habet,</span> <span class='ocrx_word' id='word_1_192' title='bbox 1803 3635 1884 3718; x_wconf 84' lang='lat' dir='ltr'>quod</span> <span class='ocrx_word' id='word_1_193' title='bbox 1907 3651 2037 3718; x_wconf 88' lang='lat' dir='ltr'>respon·</span> 
     </span>
     <span class='ocr_line' id='line_1_20' title="bbox 168 3726 2039 3826; baseline 0.005 -26"><span class='ocrx_word' id='word_1_194' title='bbox 168 3735 252 3813; x_wconf 81' lang='lat' dir='ltr'>dest,</span> <span class='ocrx_word' id='word_1_195' title='bbox 275 3726 431 3824; x_wconf 72' lang='grc' dir='ltr'><strong><em>διόιιρον.</em></strong></span> <span class='ocrx_word' id='word_1_196' title='bbox 466 3737 609 3820; x_wconf 80' lang='lat' dir='ltr'>apparet</span> <span class='ocrx_word' id='word_1_197' title='bbox 631 3737 734 3817; x_wconf 83' lang='lat' dir='ltr'>modo,</span> <span class='ocrx_word' id='word_1_198' title='bbox 757 3740 893 3822; x_wconf 84' lang='lat' dir='ltr'>priorem</span> <span class='ocrx_word' id='word_1_199' title='bbox 915 3741 1139 3826; x_wconf 86' lang='lat' dir='ltr'>disputationis</span> <span class='ocrx_word' id='word_1_200' title='bbox 1162 3745 1293 3825; x_wconf 77' lang='lat' dir='ltr'>partem</span> <span class='ocrx_word' id='word_1_201' title='bbox 1316 3760 1379 3824; x_wconf 84' lang='lat' dir='ltr'>qua</span> <span class='ocrx_word' id='word_1_202' title='bbox 1400 3740 1526 3810; x_wconf 78' lang='lat' dir='ltr'>Staieno</span> <span class='ocrx_word' id='word_1_203' title='bbox 1547 3741 1709 3808; x_wconf 85' lang='lat' dir='ltr'>doetrinae</span> <span class='ocrx_word' id='word_1_204' title='bbox 1732 3760 1805 3810; x_wconf 90' lang='lat' dir='ltr'>oum</span> <span class='ocrx_word' id='word_1_205' title='bbox 1828 3742 1915 3810; x_wconf 84' lang='lat' dir='ltr'>rita</span> <span class='ocrx_word' id='word_1_206' title='bbox 1936 3741 2039 3825; x_wconf 88' lang='lat' dir='ltr'>philo·</span> 
     </span>
     <span class='ocr_line' id='line_1_21' title="bbox 169 3841 2040 3940; baseline 0.006 -35"><span class='ocrx_word' id='word_1_207' title='bbox 169 3841 339 3924; x_wconf 91' lang='lat' dir='ltr'>sophorum</span> <span class='ocrx_word' id='word_1_208' title='bbox 355 3843 515 3910; x_wconf 81' lang='lat' dir='ltr'>dissensus</span> <span class='ocrx_word' id='word_1_209' title='bbox 538 3843 663 3940; x_wconf 83' lang='lat' dir='ltr'>videtur</span> <span class='ocrx_word' id='word_1_210' title='bbox 677 3847 818 3924; x_wconf 74' lang='lat' dir='ltr'>omns,</span> <span class='ocrx_word' id='word_1_211' title='bbox 840 3864 893 3914; x_wconf 85' lang='lat' dir='ltr'>sex</span> <span class='ocrx_word' id='word_1_212' title='bbox 907 3847 1020 3930; x_wconf 90' lang='lat' dir='ltr'>primis</span> <span class='ocrx_word' id='word_1_213' title='bbox 1035 3848 1192 3932; x_wconf 80' lang='lat' dir='ltr'>capitibus</span> <span class='ocrx_word' id='word_1_214' title='bbox 1207 3849 1373 3924; x_wconf 84' lang='lat' dir='ltr'>contineri,</span> <span class='ocrx_word' id='word_1_215' title='bbox 1389 3849 1521 3934; x_wconf 82' lang='lat' dir='ltr'>reliquis</span> <span class='ocrx_word' id='word_1_216' title='bbox 1537 3851 1644 3914; x_wconf 87' lang='lat' dir='ltr'>autem</span> <span class='ocrx_word' id='word_1_217' title='bbox 1659 3849 1817 3932; x_wconf 84' lang='lat' dir='ltr'>capitibus</span> <span class='ocrx_word' id='word_1_218' title='bbox 1833 3849 2040 3918; x_wconf 87' lang='lat' dir='ltr'>Plutarchum</span> 
     </span>
     <span class='ocr_line' id='line_1_22' title="bbox 170 3943 2041 4040; baseline 0.003 -28"><span class='ocrx_word' id='word_1_219' title='bbox 170 3946 204 4012; x_wconf 91' lang='lat' dir='ltr'>id</span> <span class='ocrx_word' id='word_1_220' title='bbox 220 3965 321 4029; x_wconf 71' lang='lat' dir='ltr'>agere</span> <span class='ocrx_word' id='word_1_221' title='bbox 345 3951 392 4026; x_wconf 87' lang='lat' dir='ltr'>ut,</span> <span class='ocrx_word' id='word_1_222' title='bbox 414 3953 608 4033; x_wconf 87' lang='lat' dir='ltr'>quantopere</span> <span class='ocrx_word' id='word_1_223' title='bbox 629 3955 859 4036; x_wconf 86' lang='lat' dir='ltr'>praecepta</span> <span class='ocrx_word' id='word_1_224' title='bbox 880 3973 953 4022; x_wconf 88' lang='lat' dir='ltr'>cum</span> <span class='ocrx_word' id='word_1_225' title='bbox 976 3954 1216 4036; x_wconf 83' lang='lat' dir='ltr'>praeceptis</span> <span class='ocrx_word' id='word_1_226' title='bbox 1239 3958 1393 4036; x_wconf 70' lang='lat' dir='ltr'>pugnent,</span> <span class='ocrx_word' id='word_1_227' title='bbox 1415 3954 1559 4038; x_wconf 55' lang='lat' dir='ltr'>explicet</span> <span class='ocrx_word' id='word_1_228' title='bbox 1597 3952 1644 4020; x_wconf 80' lang='lat' dir='ltr'>cf.</span> <span class='ocrx_word' id='word_1_229' title='bbox 1668 3971 1717 4038; x_wconf 88' lang='lat' dir='ltr'>cp.</span> <span class='ocrx_word' id='word_1_230' title='bbox 1735 3956 1788 4034; x_wconf 79' lang='grc'>32,</span> <span class='ocrx_word' id='word_1_231' title='bbox 1812 3957 1848 4022; x_wconf 82' lang='lat'>3:</span> <span class='ocrx_word' id='word_1_232' title='bbox 1872 3943 1934 4022; x_wconf 76' lang='grc' dir='ltr'>ὅσα</span> <span class='ocrx_word' id='word_1_233' title='bbox 1956 3945 2041 4040; x_wconf 74' lang='grc' dir='ltr'>πρὸς</span> 
     </span>
     <span class='ocr_line' id='line_1_23' title="bbox 168 4043 2041 4146; baseline 0.006 -31"><span class='ocrx_word' id='word_1_234' title='bbox 168 4043 303 4130; x_wconf 63' lang='lat' dir='ltr'>&amp;morie</span> <span class='ocrx_word' id='word_1_235' title='bbox 325 4044 492 4141; x_wconf 73' lang='grc' dir='ltr'>διαφόρως</span> <span class='ocrx_word' id='word_1_236' title='bbox 513 4051 676 4139; x_wconf 68' lang='grc' dir='ltr'><strong><em>λέγοιοιν,</em></strong></span> <span class='ocrx_word' id='word_1_237' title='bbox 707 4049 857 4136; x_wconf 72' lang='grc' dir='ltr'><strong><em>ἐξετάσαι</em></strong></span> <span class='ocrx_word' id='word_1_238' title='bbox 885 4051 984 4140; x_wconf 72' lang='grc' dir='ltr'><strong><em>μόνον</em></strong></span> <span class='ocrx_word' id='word_1_239' title='bbox 1013 4050 1192 4145; x_wconf 74' lang='grc' dir='ltr'><strong><em>πρόνιιται.</em></strong></span> <span class='ocrx_word' id='word_1_240' title='bbox 1245 4059 1357 4144; x_wconf 83' lang='lat' dir='ltr'>ltaque</span> <span class='ocrx_word' id='word_1_241' title='bbox 1387 4059 1471 4128; x_wconf 83' lang='lat' dir='ltr'>haud</span> <span class='ocrx_word' id='word_1_242' title='bbox 1497 4060 1566 4143; x_wconf 78' lang='lat' dir='ltr'>seio</span> <span class='ocrx_word' id='word_1_243' title='bbox 1597 4077 1637 4128; x_wconf 90' lang='lat' dir='ltr'>au</span> <span class='ocrx_word' id='word_1_244' title='bbox 1668 4061 1869 4128; x_wconf 86' lang='lat' dir='ltr'>scribendum</span> <span class='ocrx_word' id='word_1_245' title='bbox 1899 4061 1955 4127; x_wconf 86' lang='lat' dir='ltr'>sit:</span> <span class='ocrx_word' id='word_1_246' title='bbox 1984 4051 2041 4146; x_wconf 73' lang='lat' dir='ltr'>cip</span> 
     </span>
     <span class='ocr_line' id='line_1_24' title="bbox 167 4148 1823 4252; baseline 0.005 -28"><span class='ocrx_word' id='word_1_247' title='bbox 167 4155 232 4224; x_wconf 77' lang='grc' dir='ltr'>τῶν</span> <span class='ocrx_word' id='word_1_248' title='bbox 254 4149 426 4244; x_wconf 71' lang='grc' dir='ltr'>δογμάτων</span> <span class='ocrx_word' id='word_1_249' title='bbox 447 4148 626 4245; x_wconf 70' lang='grc' dir='ltr'><strong><em>ὁμολογίαν</em></strong></span> <span class='ocrx_word' id='word_1_250' title='bbox 646 4165 719 4244; x_wconf 76' lang='grc' dir='ltr'><strong><em>τοῖς</em></strong></span> <span class='ocrx_word' id='word_1_251' title='bbox 738 4159 827 4246; x_wconf 71' lang='grc' dir='ltr'><strong><em>βίοις</em></strong></span> <span class='ocrx_word' id='word_1_252' title='bbox 848 4166 1066 4252; x_wconf 51' lang='lat' dir='ltr'>cenamus,</span> <span class='ocrx_word' id='word_1_253' title='bbox 1088 4183 1144 4249; x_wconf 92' lang='lat' dir='ltr'>pro</span> <span class='ocrx_word' id='word_1_254' title='bbox 1167 4183 1203 4232; x_wconf 93' lang='lat' dir='ltr'>eo</span> <span class='ocrx_word' id='word_1_255' title='bbox 1226 4166 1307 4250; x_wconf 86' lang='lat' dir='ltr'>qood</span> <span class='ocrx_word' id='word_1_256' title='bbox 1331 4185 1416 4234; x_wconf 86' lang='lat' dir='ltr'>nnnc</span> <span class='ocrx_word' id='word_1_257' title='bbox 1438 4170 1554 4238; x_wconf 75' lang='lat' dir='ltr'>exstat:</span> <span class='ocrx_word' id='word_1_258' title='bbox 1577 4160 1612 4232; x_wconf 75' lang='lat' dir='ltr'>dr</span> <span class='ocrx_word' id='word_1_259' title='bbox 1633 4169 1705 4244; x_wconf 77' lang='grc' dir='ltr'><strong><em>τοῖς</em></strong></span> <span class='ocrx_word' id='word_1_260' title='bbox 1726 4161 1823 4250; x_wconf 74' lang='grc' dir='ltr'><strong><em>βίοις.</em></strong></span> 
     </span>
    </p>
   </div>
   <div class='ocr_carea' id='block_1_8' title="bbox 169 4331 2045 5056">
    <p class='ocr_par' dir='ltr' id='par_1_8' title="bbox 169 4331 2045 4973">
     <span class='ocr_line' id='line_1_25' title="bbox 329 4331 2041 4448; baseline 0.005 -28"><span class='ocrx_word' id='word_1_261' title='bbox 329 4351 404 4436; x_wconf 80' lang='lat' dir='ltr'>Oup.</span> <span class='ocrx_word' id='word_1_262' title='bbox 428 4352 471 4420; x_wconf 88' lang='grc' dir='ltr'>ΙΙ.</span> <span class='ocrx_word' id='word_1_263' title='bbox 510 4351 597 4422; x_wconf 83' lang='lat' dir='ltr'>uicit</span> <span class='ocrx_word' id='word_1_264' title='bbox 619 4354 824 4424; x_wconf 78' lang='lat' dir='ltr'>Plutarchus:</span> <span class='ocrx_word' id='word_1_265' title='bbox 854 4349 964 4422; x_wconf 74' lang='grc' dir='ltr'><strong><em>πολλὰ</em></strong></span> <span class='ocrx_word' id='word_1_266' title='bbox 983 4353 1053 4442; x_wconf 76' lang='grc' dir='ltr'><strong><em>μέν,</em></strong></span> <span class='ocrx_word' id='word_1_267' title='bbox 1077 4343 1122 4436; x_wconf 76' lang='grc' dir='ltr'>ὥς</span> <span class='ocrx_word' id='word_1_268' title='bbox 1145 4353 1185 4422; x_wconf 74' lang='grc' dir='ltr'>ἐν</span> <span class='ocrx_word' id='word_1_269' title='bbox 1207 4347 1368 4443; x_wconf 83' lang='grc' dir='ltr'><strong><em>λόγοις,</em></strong></span> <span class='ocrx_word' id='word_1_270' title='bbox 1399 4343 1488 4448; x_wconf 54' lang='lat' dir='ltr'>circui</span> <span class='ocrx_word' id='word_1_271' title='bbox 1510 4331 1644 4445; x_wconf 71' lang='grc' dir='ltr'><strong><em>Ζήνωνι,</em></strong></span> <span class='ocrx_word' id='word_1_272' title='bbox 1668 4348 1777 4424; x_wconf 66' lang='grc' dir='ltr'><strong><em>πολλὰ</em></strong></span> <span class='ocrx_word' id='word_1_273' title='bbox 1800 4351 1837 4424; x_wconf 69' lang='grc' dir='ltr'>δι’</span> <span class='ocrx_word' id='word_1_274' title='bbox 1868 4349 2041 4440; x_wconf 56' lang='lat' dir='ltr'>meniu,</span> 
     </span>
     <span class='ocr_line' id='line_1_26' title="bbox 169 4453 2044 4555; baseline 0.006 -37"><span class='ocrx_word' id='word_1_275' title='bbox 169 4455 309 4524; x_wconf 76' lang='grc' dir='ltr'><strong><em>πλοῖοτα</em></strong></span> <span class='ocrx_word' id='word_1_276' title='bbox 331 4455 368 4524; x_wconf 71' lang='grc' dir='ltr'>δι’</span> <span class='ocrx_word' id='word_1_277' title='bbox 391 4453 581 4546; x_wconf 78' lang='grc' dir='ltr'><strong><em>Χρυσίππῳ</em></strong></span> <span class='ocrx_word' id='word_1_278' title='bbox 603 4457 805 4549; x_wconf 71' lang='grc' dir='ltr'><strong><em>γεγραμμένα</em></strong></span> <span class='ocrx_word' id='word_1_279' title='bbox 826 4453 972 4549; x_wconf 67' lang='grc' dir='ltr'><strong><em>τυγχάνοι</em></strong></span> <span class='ocrx_word' id='word_1_280' title='bbox 994 4459 1071 4550; x_wconf 70' lang='grc' dir='ltr'>περὶ</span> <span class='ocrx_word' id='word_1_281' title='bbox 1094 4459 1273 4542; x_wconf 73' lang='grc' dir='ltr'><strong><em>πολιτείας.</em></strong></span> <span class='ocrx_word' id='word_1_282' title='bbox 1319 4463 1498 4546; x_wconf 78' lang='lat' dir='ltr'>Madvigius</span> <span class='ocrx_word' id='word_1_283' title='bbox 1521 4455 1608 4530; x_wconf 82' lang='lat' dir='ltr'>iubet</span> <span class='ocrx_word' id='word_1_284' title='bbox 1631 4464 1738 4529; x_wconf 85' lang='lat' dir='ltr'>scribi:</span> <span class='ocrx_word' id='word_1_285' title='bbox 1769 4455 1878 4528; x_wconf 75' lang='grc' dir='ltr'><strong><em>πολλὰ</em></strong></span> <span class='ocrx_word' id='word_1_286' title='bbox 1899 4461 1968 4548; x_wconf 77' lang='grc' dir='ltr'><strong><em>μὲν,</em></strong></span> <span class='ocrx_word' id='word_1_287' title='bbox 1999 4455 2044 4555; x_wconf 74' lang='grc' dir='ltr'>ὡς</span> 
     </span>
     <span class='ocr_line' id='line_1_27' title="bbox 170 4549 2044 4654; baseline 0.005 -26"><span class='ocrx_word' id='word_1_288' title='bbox 170 4557 211 4628; x_wconf 75' lang='grc' dir='ltr'>ἕν</span> <span class='ocrx_word' id='word_1_289' title='bbox 240 4549 426 4648; x_wconf 74' lang='grc' dir='ltr'><strong><em>ὀλίγοις,</em></strong></span> <span class='ocrx_word' id='word_1_290' title='bbox 456 4568 502 4632; x_wconf 90' lang='lat' dir='ltr'>ut</span> <span class='ocrx_word' id='word_1_291' title='bbox 532 4566 573 4634; x_wconf 90' lang='lat' dir='ltr'>in</span> <span class='ocrx_word' id='word_1_292' title='bbox 595 4568 760 4652; x_wconf 81' lang='lat' dir='ltr'>paucis,</span> <span class='ocrx_word' id='word_1_293' title='bbox 791 4587 894 4652; x_wconf 87' lang='lat' dir='ltr'>pauca</span> <span class='ocrx_word' id='word_1_294' title='bbox 920 4571 1006 4636; x_wconf 88' lang='lat' dir='ltr'>enim</span> <span class='ocrx_word' id='word_1_295' title='bbox 1028 4571 1184 4636; x_wconf 83' lang='lat' dir='ltr'>Zenonem</span> <span class='ocrx_word' id='word_1_296' title='bbox 1207 4571 1380 4652; x_wconf 79' lang='lat' dir='ltr'>scripsisse,</span> <span class='ocrx_word' id='word_1_297' title='bbox 1403 4570 1458 4636; x_wconf 88' lang='lat' dir='ltr'>sed</span> <span class='ocrx_word' id='word_1_298' title='bbox 1481 4571 1515 4636; x_wconf 90' lang='lat' dir='ltr'>in</span> <span class='ocrx_word' id='word_1_299' title='bbox 1538 4571 1588 4636; x_wconf 89' lang='lat' dir='ltr'>his</span> <span class='ocrx_word' id='word_1_300' title='bbox 1611 4569 1679 4652; x_wconf 85' lang='lat' dir='ltr'>(pro</span> <span class='ocrx_word' id='word_1_301' title='bbox 1703 4558 1858 4654; x_wconf 80' lang='lat' dir='ltr'>poitione)</span> <span class='ocrx_word' id='word_1_302' title='bbox 1881 4571 1984 4638; x_wconf 87' lang='lat' dir='ltr'>multa</span> <span class='ocrx_word' id='word_1_303' title='bbox 2005 4559 2044 4640; x_wconf 87' lang='lat' dir='ltr'>de</span> 
     </span>
     <span class='ocr_line' id='line_1_28' title="bbox 169 4669 2045 4788; baseline 0.003 -53"><span class='ocrx_word' id='word_1_304' title='bbox 169 4669 341 4752; x_wconf 79' lang='lat' dir='ltr'>republica</span> <span class='ocrx_word' id='word_1_305' title='bbox 385 4669 497 4740; x_wconf 75' lang='lat' dir='ltr'>arrasa</span> <span class='ocrx_word' id='word_1_306' title='bbox 520 4675 626 4742; x_wconf 67' lang='lat' dir='ltr'>summ</span> <span class='ocrx_word' id='word_1_307' title='bbox 649 4673 775 4740; x_wconf 84' lang='lat' dir='ltr'>ridetur</span> <span class='ocrx_word' id='word_1_308' title='bbox 796 4675 845 4740; x_wconf 87' lang='lat' dir='ltr'>rir</span> <span class='ocrx_word' id='word_1_309' title='bbox 866 4693 1022 4752; x_wconf 64' lang='lat' dir='ltr'>sammua</span> <span class='ocrx_word' id='word_1_310' title='bbox 1051 4676 1189 4760; x_wconf 91' lang='lat' dir='ltr'>primum</span> <span class='ocrx_word' id='word_1_311' title='bbox 1212 4678 1297 4743; x_wconf 90' lang='lat' dir='ltr'>euim</span> <span class='ocrx_word' id='word_1_312' title='bbox 1321 4675 1403 4742; x_wconf 83' lang='lat' dir='ltr'>Zeno</span> <span class='ocrx_word' id='word_1_313' title='bbox 1434 4695 1496 4742; x_wconf 92' lang='lat' dir='ltr'>uon</span> <span class='ocrx_word' id='word_1_314' title='bbox 1527 4677 1574 4769; x_wconf 77' lang='lat' dir='ltr'>itu</span> <span class='ocrx_word' id='word_1_315' title='bbox 1599 4693 1701 4758; x_wconf 87' lang='lat' dir='ltr'>pauca</span> <span class='ocrx_word' id='word_1_316' title='bbox 1730 4669 1963 4788; x_wconf 61' lang='lat' dir='ltr'>scripsit,·(e”cu</span> <span class='ocrx_word' id='word_1_317' title='bbox 1984 4672 2045 4760; x_wconf 71' lang='grc' dir='ltr'>μὲν</span> 
     </span>
     <span class='ocr_line' id='line_1_29' title="bbox 169 4757 2044 4869; baseline 0.006 -31"><span class='ocrx_word' id='word_1_318' title='bbox 169 4757 224 4838; x_wconf 73' lang='grc' dir='ltr'>οὖν</span> <span class='ocrx_word' id='word_1_319' title='bbox 239 4761 339 4840; x_wconf 72' lang='grc' dir='ltr'><strong><em>αὐτοῦ</em></strong></span> <span class='ocrx_word' id='word_1_320' title='bbox 360 4772 417 4842; x_wconf 81' lang='grc' dir='ltr'><strong><em>καὶ</em></strong></span> <span class='ocrx_word' id='word_1_321' title='bbox 438 4767 481 4846; x_wconf 79' lang='grc' dir='ltr'>τὰ</span> <span class='ocrx_word' id='word_1_322' title='bbox 502 4775 771 4866; x_wconf 69' lang='grc' dir='ltr'><strong><em>προγεγραμμένα</em></strong></span> <span class='ocrx_word' id='word_1_323' title='bbox 784 4775 899 4864; x_wconf 77' lang='grc' dir='ltr'><strong><em>βιβλία</em></strong></span> <span class='ocrx_word' id='word_1_324' title='bbox 914 4772 1032 4859; x_wconf 79' lang='grc' dir='ltr'><strong><em>πολλά,</em></strong></span> <span class='ocrx_word' id='word_1_325' title='bbox 1055 4777 1089 4846; x_wconf 78' lang='grc' dir='ltr'>ἐν</span> <span class='ocrx_word' id='word_1_326' title='bbox 1111 4769 1162 4860; x_wconf 74' lang='grc' dir='ltr'>οἷς</span> <span class='ocrx_word' id='word_1_327' title='bbox 1184 4773 1336 4869; x_wconf 74' lang='grc' dir='ltr'><strong><em>ἐλάλησεν</em></strong></span> <span class='ocrx_word' id='word_1_328' title='bbox 1359 4769 1403 4860; x_wconf 80' lang='grc' dir='ltr'>ὥς</span> <span class='ocrx_word' id='word_1_329' title='bbox 1425 4767 1532 4860; x_wconf 61' lang='lat' dir='ltr'>cudda</span> <span class='ocrx_word' id='word_1_330' title='bbox 1556 4777 1622 4846; x_wconf 77' lang='grc' dir='ltr'>τῶν</span> <span class='ocrx_word' id='word_1_331' title='bbox 1644 4773 1799 4848; x_wconf 63' lang='lat' dir='ltr'>malacin.</span> <span class='ocrx_word' id='word_1_332' title='bbox 1834 4778 1925 4866; x_wconf 81' lang='lat' dir='ltr'>Diog.</span> <span class='ocrx_word' id='word_1_333' title='bbox 1940 4783 2044 4850; x_wconf 68' lang='lat' dir='ltr'>asoa</span> 
     </span>
     <span class='ocr_line' id='line_1_30' title="bbox 170 4879 2045 4973; baseline 0.006 -29"><span class='ocrx_word' id='word_1_334' title='bbox 170 4879 241 4946; x_wconf 86' lang='lat' dir='ltr'>vu.</span> <span class='ocrx_word' id='word_1_335' title='bbox 256 4881 325 4968; x_wconf 83' lang='lat'>38),</span> <span class='ocrx_word' id='word_1_336' title='bbox 349 4882 462 4948; x_wconf 88' lang='lat' dir='ltr'>deiude</span> <span class='ocrx_word' id='word_1_337' title='bbox 478 4902 541 4950; x_wconf 89' lang='lat' dir='ltr'>non</span> <span class='ocrx_word' id='word_1_338' title='bbox 556 4883 641 4951; x_wconf 84' lang='lat' dir='ltr'>Zeno</span> <span class='ocrx_word' id='word_1_339' title='bbox 664 4891 864 4968; x_wconf 85' lang='lat' dir='ltr'>comparatur</span> <span class='ocrx_word' id='word_1_340' title='bbox 886 4907 957 4952; x_wconf 90' lang='lat' dir='ltr'>cum</span> <span class='ocrx_word' id='word_1_341' title='bbox 982 4885 1134 4954; x_wconf 85' lang='lat' dir='ltr'>Cleanthe</span> <span class='ocrx_word' id='word_1_342' title='bbox 1158 4889 1206 4954; x_wconf 84' lang='lat' dir='ltr'>vel</span> <span class='ocrx_word' id='word_1_343' title='bbox 1230 4889 1406 4972; x_wconf 79' lang='lat' dir='ltr'>Chrysippo</span> <span class='ocrx_word' id='word_1_344' title='bbox 1429 4889 1483 4954; x_wconf 87' lang='lat' dir='ltr'>aed</span> <span class='ocrx_word' id='word_1_345' title='bbox 1506 4888 1650 4954; x_wconf 91' lang='lat' dir='ltr'>doctriua</span> <span class='ocrx_word' id='word_1_346' title='bbox 1673 4881 1717 4971; x_wconf 83' lang='lat' dir='ltr'>(oi</span> <span class='ocrx_word' id='word_1_347' title='bbox 1743 4879 1847 4973; x_wconf 82' lang='grc' dir='ltr'><strong><em>λόγοι)</em></strong></span> <span class='ocrx_word' id='word_1_348' title='bbox 1869 4885 2045 4956; x_wconf 83' lang='lat' dir='ltr'>Stoicorum</span> 
     </span>
    </p>

    <p class='ocr_par' dir='ltr' id='par_1_9' title="bbox 1857 5005 1872 5056">
     <span class='ocr_line' id='line_1_31' title="bbox 1857 5005 1872 5056; baseline 0 0"><span class='ocrx_word' id='word_1_349' title='bbox 1857 5005 1872 5056; x_wconf 94' lang='lat'>1</span> 
     </span>
    </p>
   </div>
   <div class='ocr_carea' id='block_1_9' title="bbox 0 0 2380 5604">
    <p class='ocr_par' dir='ltr' id='par_1_10' title="bbox 0 0 2380 5604">
     <span class='ocr_line' id='line_1_32' title="bbox 0 0 2380 5604; baseline 0 0"><span class='ocrx_word' id='word_1_350' title='bbox 0 0 2380 5604; x_wconf 95' lang='lat' dir='ltr'> </span> 
     </span>
    </p>
   </div>
  </div>
 </body>
</html>
